1655 2659
709 76 764 84 ..
818 53 844 92 5
899 76 953 84 .-

189 174 282 213 dum
309 173 545 213 labefactata
572 174 658 210 erat
687 170 928 210 Graecorum
955 168 1185 217 imitatione,
1225 179 1313 205 cum
1340 169 1476 204 eontra

190 249 371 288 Tibullus
401 251 517 300 atque
543 246 770 299 Propertius
799 258 845 285 eo
872 247 1077 283 uterentur
1104 254 1285 282 sermone
1312 241 1480 293 poetico,

189 337 305 376 quem
332 323 537 375 Vergilius
580 322 827 375 potissimum
870 324 910 359 et
937 319 1127 359 Horatius
1159 318 1210 357 ad
1239 317 1477 357 Graecorum

188 411 364 438 normam
405 396 719 450 ingeniosissime
763 386 1134 435 conformaverunt,
1169 393 1267 431 Inde
1308 393 1479 444 plurima

189 486 288 525 quae
317 474 421 525 apud
454 472 679 523 Augusteae
707 471 849 510 aetatis
875 474 1011 522 poetas
1040 469 1136 508 satis
1161 469 1383 520 'frequenter
1411 481 1475 506 oc·

188 553 355 600 currunt,
384 548 485 601 apud
513 547 711 588 Catullum
748 558 946 598 nunquam
974 548 1042 584 aut
1069 548 1172 583 certe
1199 543 1400 582 rarissime
1419 543 1478 582 in-

185 624 405 662 veniuntur.
461 622 595 674 Neque
636 634 737 660 nunc
778 621 818 659 in
861 621 988 659 animo
1036 624 1098 658 est
1137 620 1262 658 fusius
1296 620 1478 670 persequi

186 696 286 735 hanc
321 697 522 735 materiam
567 708 635 748 per
676 708 717 734 se
752 696 847 733 satis
877 695 1058 746 amplam,
1087 707 1175 732 cum
1202 694 1346 732 habeat
1373 693 1479 732 aliud

187 774 453 821 argumentum
489 771 587 808 haec
627 770 801 820 scripti03
841 782 961 807 unum
1003 769 1221 807 alterumve
1255 768 1477 819 exemplum

187 844 361 884 sufficiat.
416 843 625 884 Latissime
666 846 802 896 patere
856 841 959 894 apud
999 845 1138 894 poetas
1166 841 1394 893 Augusteos
1422 842 1478 881 in-

183 918 323 958 finitivi
350 932 464 958 usum
492 918 639 957 nemini
667 918 858 969 ignotum,
887 916 985 955 adeo
1012 922 1056 956 ut
1084 917 1267 956 Tibullus
1297 930 1375 956 non
1411 930 1478 956 ve-

183 993 278 1032 ritus
297 994 349 1032 sit
365 993 506 1043 dicere,
533 996 577 1031 ut
596 992 674 1031 alia
692 993 813 1031 multa
833 992 1027 1030 omittam:
1055 990 1136 1029 illis
1157 993 1327 1044 eriperes
1346 991 1478 1030 verbis

184 1067 279 1105 mihi
297 1066 424 1105 sidera
442 1067 544 1106 caeli
561 1090 607 1095 —
623 1068 753 1105 lucere
773 1071 814 1106 et
830 1081 952 1120 puras
972 1067 1147 1105 fulminis
1166 1079 1255 1105 esse
1275 1067 1372 1105 vias·
1387 1067 1476 1116 (1‚9,

185 1141 235 1177 35
266 1141 352 1190 sq.)‚
382 1139 631 1191 Propertius:
666 1152 753 1190 ‘nec
781 1153 843 1178 me
872 1141 1032 1179 deficiet
1058 1144 1195 1179 nautas
1222 1141 1395 1190 rogitare
1424 1141 1478 1178 ci-

185 1218 288 1254 tatos
316 1215 363 1266 (Ι,
392 1217 428 1267 8,
458 1217 524 1267 23)
554 1219 593 1255 et
619 1215 714 1255 mihi
741 1230 818 1255 non
839 1216 982 1256 desunt
999 1220 1131 1269 turpes
1149 1215 1320 1269 pendere
1350 1216 1477 1255 corol-

157 1307 160 1310 ⁴
184 1290 246 1328 lae
264 1313 316 1318 -—
335 1302 486 1341 semper
515 1293 555 1328 et
582 1291 732 1328 exclusi
754 1291 873 1341 signa
900 1291 1028 1328 iacere
1055 1290 1159 1328 faces
1188 1290 1237 1341 (Ι,
1263 1291 1322 1338 16,
1345 1291 1366 1327 7
1388 1291 1475 1340 sq.)‚

184 1365 246 1404 cui
264 1365 391 1404 simile
407 1369 518 1404 extat
535 1366 758 1418 exemplum
775 1367 817 1405 in
835 1367 1071 1418 panegyrico
1091 1365 1287 1405 Messalae
1305 1366 1354 1416 (v.
1366 1365 1467 1416 100):

181 1442 263 1476 tum
291 1438 363 1476 tibi
395 1451 473 1476 non
502 1439 601 1477 desit
626 1440 766 1478 faciem
796 1452 1028 1491 componere
1056 1452 1225 1491 pugnae.
1256 1440 1282 1479 J
1285 1452 1348 1478 am
1376 1453 1471 1478 vero

181 1514 276 1553 talia
311 1514 444 1565 qualia
485 1518 599 1553 sunt:
634 1515 783 1566 parcite
823 1515 972 1554 violare
999 1515 1102 1566 (Tib.
1132 1515 1165 1566 I,
1196 1514 1232 1564 6,
1264 1516 1331 1565 51)
1359 1527 1476 1566 parce

181 1600 321 1627 nocere
349 1588 492 1639 (Lygd.
525 1589 560 1638 5,
590 1589 629 1639 6)
671 1590 804 1628 tollere
847 1592 932 1627 tum
973 1593 1102 1627 curast
1138 1589 1243 1639 (Tib.
1273 1588 1304 1639 I,
1343 1591 1379 1638 8,
1408 1589 1475 1639 45)

182 1676 300 1701 eausa
327 1662 456 1714 perire
482 1661 558 1701 fuit
576 1662 717 1715 (Lygd.
738 1663 775 1714 2,
798 1664 864 1714 30)
893 1663 1051 1702 libertas
1078 1663 1186 1714 loqui
1213 1662 1344 1715 (Prop.
1373 1662 1405 1712 Ι,
1443 1664 1474 1712 l,

182 1737 249 1786 28)
292 1735 463 1773 studium
507 1736 734 1787 conquirere
775 1737 822 1786 (Ι,
850 1736 887 1786 2,
917 1738 956 1787 3)
987 1749 1103 1787 parce
1139 1748 1298 1774 movere
1324 1736 1373 1786 (Ι,
1408 1738 1468 1786 15,

183 1811 250 1862 26)
277 1814 427 1862 tempus
454 1810 635 1861 lustrare,
664 1810 757 1850 dare
786 1811 877 1862 (ΙΙΙ,
910 1812 942 1861 1,
976 1814 1009 1849 1.
1039 1811 1079 1862 2)
1108 1824 1250 1870 nomen
1272 1798 1381 1850 lassa
1408 1824 1474 1850 vo-

183 1899 272 1925 care
299 1898 428 1924 meum
469 1885 559 1936 (ΙΠ,
602 1886 625 1924 5
663 1887 730 1937 28)
773 1886 882 1935 talia,
933 1886 1099 1938 inquam,
1137 1890 1217 1924 tam
1254 1887 1469 1925 familiaria

183 1965 274 2000 sunt
301 1961 457 2001 Tibullo
499 1965 618 2014 atque
646 1961 863 2014 Propertio,
905 1962 1081 2013 integras
1123 1963 1290 2014 paginas
1331 1965 1376 2000 ut
1403 1962 1473 2000 im-

181 2037 287 2087 plere
314 2035 462 2087 possim
489 2036 690 2087 exemplis.
734 2036 856 2087 Atqui
885 2036 1061 2076 Catullus
1089 2036 1164 2074 duo
1194 2040 1348 2075 tantum
1375 2036 1472 2075 libe-

183 2112 292 2151 rioris
320 2112 505 2151 infinitivi
531 2125 624 2151 usus
652 2112 836 2163 exempla
877 2111 996 2150 habet
1024 2124 1147 2163 eaque
1177 2112 1216 2150 in
1245 2113 1401 2164 epyllio,
1431 2112 1471 2151 in

182 2198 258 2237 quo
285 2186 394 2225 illum
421 2185 659 2224 Graecorum
686 2185 867 2224 insistere
895 2185 1074 2236 vestigiis
1105 2186 1216 2223 nulla
1242 2186 1358 2238 plane
1403 2186 1471 2224 du·

182 2260 320 2298 bitatio
350 2264 425 2298 est:
455 2261 511 2298 nil
540 2263 717 2299 metuunt
743 2261 885 2310 iurare,
904 2260 1005 2299 nihil
1033 2261 1334 2312 promittere
1362 2274 1471 2312 par-

183 2336 300 2373 cunt
326 2334 376 2386 (v.
410 2333 501 2386 146)
529 2346 621 2372 nam
660 2333 775 2372 simul
803 2345 849 2371 ac
877 2334 989 2373 fessis
1028 2333 1230 2373 dederit
1271 2334 1352 2373 fors
1381 2347 1474 2373 oo-

181 2408 314 2459 piam
341 2407 730 2449 Achivis-solvere
759 2411 812 2461 (v.
842 2411 919 2450 366
951 2412 1036 2462 sq.).
1068 2410 1217 2449 Similis
1241 2411 1283 2449 in
1313 2423 1471 2449 casuum

182 2494 255 2522 usu
281 2483 492 2536 modestia3
520 2483 561 2522 id
593 2483 696 2538 quod
728 2484 808 2543 iam
844 2484 933 2526 inde
961 2487 1125 2539 apparet
1153 2484 1256 2539 quod
1283 2484 1473 2526 accusati-
