1655 2659
670 100 724 107 .-.
779 78 938 130 22-—

153 193 405 233 inciderunt’.
435 194 660 234 Schwabius
685 194 805 233 allato
829 194 947 234 Gellii
963 186 1048 234 loco
1073 199 1200 235 recte:
1220 196 1297 236 alia
1313 197 1453 249 igitur,
1486 218 1496 227 ·

153 257 290 310 inquit,
307 258 452 298 Catulli
467 260 709 311 exemplaria
724 259 958 310 temporibus
973 259 1090 299 Gellii
1108 261 1181 299 hoc
1199 262 1286 300 loco
1315 262 1448 302 ebria

152 323 315 371 acina,
350 323 453 374 quod
491 324 567 375 ipsi
605 324 735 362 Gellio
772 324 964 375 placebat,
994 325 1071 363 alia
1111 324 1315 364 ebrioso
1354 327 1446 365 aci-

151 398 221 436 no,
250 387 331 425 alia
351 387 529 439 denique,
548 387 588 425 id
612 389 711 440 quod
725 401 767 427 re
796 400 890 426 vera
910 390 1083 429 Catullus
1107 390 1270 441 scripsit,
1293 391 1447 430 ebrio·

151 463 204 488 sa
233 451 374 488 acina
401 451 609 490 habebant.
629 474 678 480 -
697 452 938 490 Sententiam
965 454 1165 503 perspexit
1194 453 1352 502 Statius,
1381 455 1447 505 qui

152 513 344 552 ebriosam
381 515 532 552 acinam
568 515 644 552 dici
673 515 721 553 ab
764 515 903 554 effectu
930 519 1054 566 putat,
1082 515 1183 567 quod
1211 529 1269 566 ea,
1307 516 1348 554 id
1374 521 1445 566 est,

151 578 283 616 vinum
321 579 447 629 ipsum
485 579 613 617 ebrios
651 579 779 628 faciat,
822 583 1094 630 comparatque
1123 580 1210 618 Tib.
1238 580 1259 618 I
1287 580 1344 630 (6,
1373 580 1445 631 28)

152 641 219 692 qui
248 642 377 680 sobria
413 642 514 680 dixit
541 643 700 694 pocula,
738 642 877 693 quibus
905 654 1027 693 aquae
1054 642 1220 681 multum
1249 646 1350 681 esset
1377 642 1442 681 ad-

150 706 314 744 mixtum
344 730 397 736 —
426 710 466 745 at
501 708 584 758 ipse
623 708 804 745 bibebam
831 731 884 736 —
912 707 1041 746 sobria
1077 708 1275 759 supposita
1301 709 1442 759 pocula

150 769 274 806 victor
314 782 426 820 aqua.
456 794 509 799 —
537 771 639 809 Vide
678 771 795 809 etiam
836 771 966 808 Hand.
996 771 1054 808 ad.
1087 771 1206 809 Gron.
1245 772 1359 809 diatr.
1402 773 1444 810 in

153 831 268 870 Statii
295 833 383 872 silv.
413 847 445 872 c.
460 834 575 872 XIII.
605 847 643 885 p.
677 834 765 883 132,
794 835 859 885 qui
887 834 1023 872 eodem
1050 834 1163 873 modo
1192 847 1268 886 quo
1290 834 1439 874 Statius

149 897 252 935 hanc
279 897 504 949 similesque
532 899 747 936 locutiones
775 899 1061 949 interpretatur.

262 988 520 1028 amarities
568 990 631 1039 68,
677 988 725 1027 18
764 1001 842 1026 non
881 992 939 1027 est
981 988 1054 1027 dea
1081 988 1212 1027 nescia
1239 988 1361 1027 nostri
1390 1011 1443 1018 —

152 1064 254 1103 quae
297 1052 449 1091 dulcem
495 1053 599 1091 curis
642 1053 780 1091 miscet
809 1052 1047 1091 amaritiem’.
1096 1052 1224 1102 Vulgo
1266 1052 1447 1090 dicebant

151 1117 456 1155 amaritudo.
483 1117 636 1155 Extant
656 1117 814 1155 omnino
843 1117 945 1168 apud
972 1116 1123 1167 priscae
1150 1115 1298 1166 pariter
1325 1120 1443 1167 atque

150 1180 254 1232 apud
281 1181 437 1219 infimae
465 1182 674 1219 latinitatis
702 1184 876 1219 auctores
903 1180 1061 1218 nomina
1089 1180 1129 1217 in
1156 1202 1209 1208 -
1238 1179 1326 1217 ities
1355 1191 1444 1218 exe—

149 1245 260 1282 untia
301 1257 380 1282 non
423 1258 558 1296 pauca,
603 1257 701 1295 quae
744 1246 822 1283 alia
861 1245 1118 1282 terminantur
1160 1244 1311 1295 syllaba
1339 1245 1443 1295 apud

151 1308 359 1359 scriptores
398 1308 625 1359 Augusteae
663 1309 804 1347 aetatis
871 1308 1065 1359 Exempla
1105 1321 1231 1359 pauca
1269 1308 1442 1348 afferam.

149 1373 292 1411 Forma
321 1385 367 1410 ea
396 1385 494 1424 quae
514 1376 574 1411 est
603 1372 802 1410 avaritia
832 1372 1040 1424 utebantur
1061 1372 1268 1423 scriptores
1287 1373 1443 1424 optimi;

150 1437 378 1475 avarities
408 1437 543 1474 dixere
571 1436 777 1474 Lucretius
806 1439 846 1474 et
876 1436 1124 1474 Claudianus.
1182 1436 1442 1475 Crassitudo

149 1501 290 1551 legitur
318 1500 420 1551 apud
441 1500 668 1539 Ciceronem
697 1499 816 1547 alios3
847 1498 1080 1537 crassities
1110 1498 1210 1537 dixit
1237 1497 1441 1549 Apuleius.

149 1564 344 1614 Pinguitu
356 1563 412 1602 do
430 1564 549 1613 vulgo
563 1567 758 1614 receptum
775 1566 874 1612 erat3
891 1562 1128 1613 pinguities
1147 1561 1326 1613 probavit
1340 1561 1443 1600 idem

149 1627 354 1679 Apuleius.
385 1651 437 1657 -
466 1627 709 1666 Sententiam
741 1627 931 1677 exemplis
967 1627 1182 1665 illustravit
1212 1625 1373 1677 Statius,
1400 1629 1445 1664 ut

150 1691 295 1742 Sapph.
322 1704 380 1742 ap.
410 1690 616 1741 Hephaest
657 1692 741 1742 (42.
757 1691 802 1728 fr.
832 1692 884 1729 40
913 1690 1078 1742 Bergk.)
1094 1695 1205 1742 Ἔρως
1228 1697 1328 1741 δηῦτέ
1349 1691 1442 1741 (scr.

151 1754 265 1796 δαῦτέ)
296 1754 351 1798 μ’ὂ
389 1755 569 1797 λυσιμέλης
613 1756 702 1787 δόνει
735 1771 775 1777 -
809 1755 1031 1799 γλυκύπικρον
1077 1753 1254 1797 ἀμάχανον
1291 1752 1442 1799 ῧρπετον,

149 1808 284 1846 Musae
323 1809 379 1858 (V.
413 1809 508 1859 166)
543 1813 608 1858 ἤδη
630 1816 685 1847 καὶ
707 1816 929 1858 γλυκύπικρον
962 1814 1097 1851 ἐδέξατο
1124 1816 1264 1858 κέντρον
1299 1815 1441 1859 ἐρώτων,

152 1872 231 1912 Cic.
252 1871 313 1911 ad.
331 1872 410 1910 Att.
434 1873 470 1922 5,
490 1873 554 1922 21,
575 1874 598 1911 4
619 1873 659 1911 111
680 1873 740 1912 his
781 1880 1004 1924 γλυκύπικρον
1027 1873 1126 1911 illud
1141 1872 1344 1911 confirmas
1363 1885 1442 1911 mo-

150 1948 235 1973 ram
264 1936 362 1973 mihi
381 1936 529 1973 nullam
548 1937 646 1986 fore3
667 1938 795 1975 Plaut.
816 1937 957 1975 Pseud.
990 1937 1042 1987 (I.
1067 1938 1100 1986 l,
1121 1937 1191 1988 63)
1211 1937 1318 1975 sino:
1351 1950 1441 1975 nam

147 2000 246 2039 mihi
273 1999 407 2039 videor
438 2013 523 2039 cum
551 2013 598 2039 ea
625 2002 849 2041 fabularier.
879 2002 1004 2052 Lege:
1048 2001 1161 2040 dulce
1191 2014 1440 2053 amarumque

148 2078 226 2102 una
268 2077 370 2102 nunc
410 2065 551 2103 misces
594 2067 703 2104 mihi.
760 2067 874 2104 Adde
913 2067 1099 2116 Meleagr.
1143 2067 1263 2116 epigr.
1312 2067 1376 2114 76,
1414 2066 1439 2105 3

147 2128 312 2179 (anthol.
340 2128 373 2178 Ῑ,
404 2129 468 2178 23.
498 2129 604 2180 Ja0·]
632 2138 668 2171 τὸ
689 2140 912 2185 γλυκύπικρον
936 2139 1055 2184 ἔρωτος·
1079 2139 1167 2179 ἔχων
1190 2140 1293 2181 βέλος,
1328 2129 1440 2168 Posi-

147 2192 251 2243 dipp.
286 2194 346 2242 ll,
379 2195 403 2231 4
433 2194 558 2243 (anth.
588 2194 641 2240 ῙῙ,
673 2195 743 2245 49)
763 2206 857 2247 μέλοι
880 2205 910 2236 δ”
934 2203 1019 2247 ἡμῖν
1042 2203 1058 2236 ὃ
1082 2206 1301 2248 γλυκύπικρος
1316 2201 1438 2246 ’Ἐρωῆ

146 2256 214 2294 ubi
241 2269 319 2295 non
347 2257 549 2296 immemor
577 2259 651 2296 fuit
679 2258 794 2296 huius
824 2257 1035 2296 Catulliani
1061 2270 1194 2296 versus
1222 2256 1438 2305 Jacobsius,

147 2321 247 2358 inter
265 2322 343 2359 alia
362 2323 543 2372 exempla
571 2327 660 2373 apte
691 2323 857 2361 afferens
884 2322 981 2361 illud
999 2322 1142 2361 Anacr.
1172 2322 1245 2361 Od.
1267 2320 1392 2369 XLV,
1414 2321 1438 2358 5

147 2383 263 2416 ἀκίδας
287 2385 316 2415 δ”
339 2384 459 2426 ἔβαπτε
482 2387 611 2429 Κύπρις
628 2403 668 2409 —-
685 2386 762 2429 μέλι
780 2385 816 2418 τὸ
838 2387 940 2428 γλυκύ
961 2387 1105 2427 λαβοῦσα
1122 2403 1161 2409 -
1184 2383 1201 2417 ὅ
1214 2383 1361 2428 δ”Ἔρως
1378 2392 1438 2423 χο-

146 2447 211 2492 λὴν
234 2447 363 2491 ἔμισγε.
411 2439 471 2479 Cf.
502 2440 620 2478 etiam
648 2440 831 2492 Doering.
870 2440 918 2479 ad
947 2440 1088 2480 Catull.
1129 2440 1191 2490 64,
1221 2440 1271 2478 95
1307 2441 1439 2478 sancte

145 2512 242 2553 puer
270 2502 374 2539 curis
402 2502 602 2541 hominum
631 2504 696 2555 qui
723 2505 866 2555 gaudia
894 2504 1045 2542 misces.
