1655 2659
673 58 930 99 —18v-.

153 176 390 227 rutabulum,
427 176 495 215 ubi
522 176 600 215 vid.
634 176 886 216 Klussmann.
923 205 970 212 --
999 176 1055 215 At
1083 176 1132 215 Is.
1160 175 1323 215 Vossius
1356 174 1443 215 snb—

153 242 312 281 stituere
340 241 497 281 volebat
557 242 765 281 succula
815 255 886 293 pro
928 242 1075 292 sicula,
1120 241 1228 280 cuius
1264 241 1298 280 si
1331 244 1444 280 vacat

153 305 241 343 vide
270 305 573 355 disputationem
603 306 752 344 observ.
781 319 819 357 p.
836 306 924 344 275.

280 369 580 409 solaciolum
601 371 637 420 2,
660 371 680 408 7
699 382 832 408 carum
851 368 1074 420 nescioquid
1087 369 1184 407 libet
1199 369 1319 408 iocari
1334 393 1386 399 —
1400 373 1445 408 ut

152 433 380 471 solaciolum
409 434 467 471 sui
487 434 654 472 doloris'.

281 498 561 536 suaviolum
605 500 668 548 99,
698 500 740 537 2:
786 497 1006 536 suaviolum
1048 497 1152 535 dulci
1188 496 1339 535 dulcius
1368 509 1446 536 am-

152 560 283 599 brosia
315 561 361 598 cf.
392 561 445 599 ib.
479 563 526 600 14
570 562 787 600 suaviolum
824 562 924 599 tristi
962 561 1112 599 tristius
1149 560 1343 598 elleboro'.
1371 560 1445 598 ba-

152 624 330 663 siolum
373 628 432 663 est
459 638 521 676 ap.
551 626 646 664 Petr
688 626 751 675 85,
781 626 814 663 6.
843 624 950 677 Apul
988 626 1080 663 met.
1115 624 1175 673 10,
1209 624 1271 662 21.
1302 647 1349 653 -
1381 623 1444 662 Ad

151 689 385 727 sententiam
412 689 588 741 apposite
618 689 794 728 laudavit
819 689 964 728 Statius
992 688 1086 727 illud
1118 687 1335 726 Gallicteris
1368 688 1445 738 epi-

151 766 328 803 gramma
355 753 520 805 (anthol.
542 757 635 792 tom.
659 754 731 792 111.
756 767 793 805 p.
824 755 858 792 8.
875 753 1054 805 Jacobs.)
1083 760 1143 805 ἡδὺ
1166 771 1201 792 το
1223 764 1332 803 βινεῖν
1363 760 1444 800 ἔστι,

151 818 201 848 τίς
216 816 253 848 οὔ
275 818 385 857 λέγεις
407 817 475 849 ἀλλ’
489 816 570 849 ὅταν
593 818 669 862 αἰτῇ
684 819 869 856 -χαλκόν,
893 820 1087 862 πικρότερον
1108 822 1240 859 γίνεται
1264 820 1442 864 ἐλλεβόρου,

149 870 217 908 ubi
246 870 451 909 Jacobsius
483 871 576 909 citat
604 871 706 908 hunc
734 871 860 922 ipsum
890 870 1035 909 Catulli
1065 884 1230 912 versum.

278 934 353 971 His
396 935 574 973 addenda
615 934 689 973 duo
730 947 831 985 quae
875 936 948 973 etsi
991 948 1013 973 a
1043 936 1192 985 graccis
1221 937 1441 975 nominibus

150 997 315 1035 deducta
333 1002 421 1036 sunt
436 999 552 1046 vulgo
569 1003 697 1037 tamen
713 1003 869 1049 recepta
889 1000 1008 1037 fuisse
1030 1000 1125 1037 satis
1146 1000 1345 1050 probabile
1366 1004 1424 1038 est
1433 1014 1447 1038 :-

280 1063 443 1113 episto
462 1063 581 1102 lium
612 1065 674 1113 68,
691 1065 713 1102 2
744 1064 1002 1115 conscriptum
1030 1064 1102 1102 hoc
1130 1064 1301 1103 lacrimis
1322 1065 1441 1104 mittis

151 1126 397 1176 epistolium'.
457 1127 585 1165 Gloss.
617 1128 742 1165 Labb.
784 1128 919 1178 (Thes.
950 1128 1010 1166 ed.
1041 1128 1180 1179 Vulpy.
1210 1128 1271 1166 IX
1305 1141 1340 1179 p.
1372 1128 1441 1178 79)

149 1197 337 1231 ἐπιστόλιον
362 1192 596 1243 epistolium.

279 1257 464 1295 zonula
509 1257 572 1306 61,
615 1257 664 1293 53
707 1256 779 1294 tibi
816 1256 990 1305 virgines
1031 1278 1084 1284 —
1116 1256 1258 1294 zonula
1287 1256 1442 1294 soluunt

151 1322 281 1360 sinus'.
337 1319 485 1359 Eadem
527 1319 650 1357 forma
690 1332 780 1357 usus
824 1323 883 1357 est
910 1318 1135 1357 Alexander
1179 1318 1344 1357 Severus
1380 1332 1440 1370 ap.

149 1384 350 1437 Lamprid.
408 1383 472 1422 Al.
508 1382 595 1422 Sev.
626 1384 677 1421 52
717 1383 737 1432 §
767 1384 809 1420 3:
836 1383 949 1421 miles
982 1395 1058 1421 non
1087 1383 1198 1421 timet
1225 1383 1300 1421 nisi
1328 1383 1442 1422 vesti-

150 1453 212 1489 tus
251 1451 425 1487 armatus
460 1447 646 1485 calciatus
685 1449 724 1484 et
751 1449 858 1484 satur
887 1448 925 1483 et
952 1446 1099 1484 habens
1137 1446 1287 1496 aliquid
1316 1446 1357 1483 in
1384 1459 1442 1484 zo-

149 1514 255 1558 nula,
285 1516 325 1551 et
353 1511 523 1551 Serenus
550 1523 611 1561 ap.
641 1509 742 1548 Non.
760 1510 902 1558 539,19
931 1509 1028 1560 (629
1060 1508 1217 1561 Quioh.)
1238 1522 1266 1547 s.
1288 1523 1324 1547 v.
1347 1510 1440 1548 rica:

150 1577 287 1616 Seren.
308 1576 491 1627 opusculo
521 1574 589 1612 lib.
611 1574 641 1611 I.
673 1576 740 1611 aut
768 1573 908 1611 zonula
923 1573 994 1624 (-—
1014 1585 1074 1610 am
1096 1573 1227 1623 editt.)
1248 1577 1315 1611 aut
1331 1586 1440 1612 acum

151 1645 220 1680 aut
239 1642 370 1679 ricam.
391 1641 439 1678 L.
469 1639 681 1677 Muellerus
715 1639 755 1675 in
784 1636 938 1688 append
977 1637 1027 1674 ad
1055 1636 1176 1675 Rutil.
1198 1636 1353 1675 Namat.
1383 1638 1438 1689 (p.

149 1706 222 1757 47)
250 1709 316 1743 aut
344 1704 519 1742 zonulam
550 1706 618 1740 aut
647 1702 766 1739 rieam
796 1705 862 1738 nut
890 1713 1012 1738 acum.

281 1769 367 1807 Non
397 1765 641 1806 incommode
670 1765 786 1803 etiam
815 1764 1021 1803 memorari
1048 1763 1120 1802 hoc
1151 1764 1236 1803 loco
1256 1764 1438 1815 putabam

151 1832 452 1880 substantivum,
482 1829 584 1881 quod
612 1832 768 1880 praeter
797 1827 992 1866 Catullum
1021 1831 1060 1865 et
1076 1820 1289 1865 Arnobium
1320 1827 1443 1865 semel

147 1896 347 1936 invenitur
377 1894 480 1946 apud
512 1896 718 1944 argenteae
748 1903 847 1943 quae
875 1891 1016 1929 dicitur
1037 1891 1175 1929 aetatis
1194 1891 1439 1941 scriptorem:

277 1968 492 2020 pupulus
534 1967 606 2016 56,
650 1966 673 2003 5
703 1964 890 2016 deprendi
924 1964 1036 2002 modo
1065 1964 1255 2015 pupulum
1282 1963 1439 2015 puellae

151 2057 201 2063 —
218 2032 457 2071 trusantem’.
486 2030 629 2069 Forma
658 2029 898 2068 deminutiva
926 2031 984 2066 est
1005 2027 1241 2066 substantivi
1268 2039 1437 2079 pupus.

148 2096 332 2137 Glossae:
359 2109 507 2148 pupus:
530 2103 663 2147 βρέφος,
686 2104 815 2140 νανίον,
838 2102 1070 2146 παιδισκάριον
1093 2108 1126 2135 c.
1149 2101 1230 2145 κὸρη
1253 2099 1439 2141 ὀφθαλμοῦ.

147 2161 278 2213 Atque
305 2161 409 2199 illius
441 2161 612 2200 notionis
655 2162 872 2212 exemplum
911 2161 1034 2200 habes
1071 2173 1137 2211 ap.
1175 2159 1288 2199 Varr.
1333 2158 1437 2198 Men.

148 2226 212 2275 88,
255 2227 279 2264 3
310 2226 360 2265 cf.
391 2224 498 2265 Suet.
528 2226 608 2266 Cal.
644 2225 702 2265 13.
734 2225 846 2266 huius
875 2238 937 2277 ap.
965 2224 1077 2264 Paul.
1115 2223 1205 2264 Nol.
1226 2237 1343 2262 carm.
1373 2222 1438 2272 20,

151 2289 238 2328 179.
291 2289 356 2328 Ab
397 2302 443 2328 eo
472 2289 628 2328 nomine
657 2289 823 2328 deducta
851 2293 941 2328 sunt
984 2289 1222 2328 deminutiva
1249 2287 1438 2340 pupulus

147 2355 189 2391 et
215 2354 385 2403 pupula.
440 2353 496 2392 Et
527 2353 744 2391 masculina
778 2352 935 2404 quidem
969 2353 1090 2391 forma
1131 2354 1288 2404 praeter
1330 2350 1439 2388 illum

148 2414 295 2453 Catulli
327 2416 453 2453 locum
482 2416 620 2455 eodem
648 2428 765 2454 sensu
792 2416 988 2454 invenitur
1017 2415 1107 2454 Sen.
1130 2428 1187 2467 ep.
1210 2416 1271 2465 12,
1301 2415 1324 2454 3
1353 2427 1439 2465 pu-

146 2480 299 2533 pulus
328 2480 448 2519 etiam
477 2480 661 2519 delicium
689 2493 816 2519 meum
845 2480 969 2519 factus
999 2481 1089 2519 est?
1119 2480 1194 2519 alio
1215 2492 1275 2531 ap.
1293 2478 1438 2518 Arnob.

146 2544 233 2583 adv,
264 2548 369 2596 gent.
399 2547 421 2584 7
437 2575 448 2596 ‚
491 2545 517 2585 8
560 2548 677 2596 atque
713 2548 759 2583 ut
785 2545 938 2597 parvuli
965 2545 1149 2597 pusiones
1175 2543 1438 2596 passerculos,
