1655 2659
681 34 941 77 -*13—

93 180 98 183 »
167 156 276 207 neae,
296 156 395 195 sicut
406 153 715 205 umbrarum,sed
729 153 917 193 interiora
940 164 1095 204 quoque
1108 151 1348 191 lineamenta.
1362 149 1457 188 scri-

167 221 323 259 buntur.
339 218 471 258 Verbo
486 219 543 257 ita
555 231 650 257 usus
669 218 888 256 Pausanias
907 217 932 254 l.
944 217 1008 266 28,
1022 218 1046 254 2
1058 216 1106 254 de
1120 219 1248 254 statua
1256 214 1458 254 Minervae

166 284 222 316 καὶ
249 285 284 316 οἱ
302 282 358 315 ἐπὶ
387 284 446 327 τῆς
468 282 608 316 ἀσπίδος
634 283 805 315 Λαπιθῶν
838 280 921 326 πρὸς
950 281 1156 325 Κενταύρουδ
1178 280 1296 324 μάχην
1316 278 1373 312 καὶ
1394 276 1457 310 ὃσα

167 336 248 370 ἄλλα
271 336 364 369 ἐστὶν
387 336 637 380 ἐπειργασμένα
660 336 793 376 λέγουσι
817 336 969 379 τορεῦσαι
982 335 1071 372 Μῦν,
1094 335 1139 376 τῷ
1161 333 1197 365 δὲ
1210 335 1285 365 Mvt
1298 333 1400 363 ταῦτά
1423 341 1457 362 τε

165 391 221 423 καὶ
258 389 296 422 τὰ
335 389 433 423 λοιπὰ
468 390 533 422 τῶν
567 386 679 433 ἔργων
711 388 907 431 Παρῥάσιον
939 387 1154 432 καταγράψαι
1189 385 1245 419 τὸν
1280 384 1456 429 Εὐήνορος.

165 445 269 483 Hinc
296 452 510 495 κατάγραφος
539 443 693 482 omnino
720 442 863 486 dicitur
885 442 1132 480 lineamentis
1158 444 1312 479 notatus
1339 443 1457 490 atque

168 507 384 558 distinctus,
420 510 463 545 ut
499 506 603 558 apud
629 505 875 545 Athenaeum
902 505 963 544 IX
986 506 1063 545 387
1092 503 1125 543 F
1153 510 1387 556 (Ἀλέξανδρος
1409 511 1457 543 δ’ὁ

167 580 315 612 Μύνδιός
340 591 446 621 φησιν
476 576 526 610 ὅτι
548 579 657 622 μικρῷ
678 576 744 620 μὲν
773 571 899 620 μείζων
922 576 993 608 ἐστὶ
1038 570 1110 620 (ΒΟ.
1133 576 1150 608 ὁ
1173 570 1338 620 ἀτταγᾶς)
1375 577 1456 619 πέρ-

169 640 343 681 δικος,ὀ’λος
360 642 395 674 δὲ
411 642 625 686 κατάγραφος
643 641 683 673 τὰ
700 642 777 687 περὶ
794 641 829 674 τὸ
845 635 971 686 νῶτον)
986 637 1026 673 ei:
1040 631 1259 673 Lucianum
1272 633 1389 671 Alex.
1408 633 1455 670 12

165 697 309 742 (κιφαλή
350 698 525 742 δράκοντος
565 697 859 743 ἆνθρωπομορφόν
890 709 921 730 τι
946 697 1184 739 ἐπιφαίνουσα,
1206 696 1456 741 κατάγραφοςγ.

168 751 255 789 Non
291 750 517 801 temptanda
553 751 673 800 igitur
720 752 889 789 omnium
933 751 1123 788 librorum
1158 750 1295 799 lectio,
1341 761 1455 800 quam

169 814 331 855 eandem
365 818 483 854 recte'
506 815 745 855 retinuerunt
780 828 912 855 omnes
954 816 1020 868 qui
1065 815 1283 855 recentiore
1329 817 1457 853 aetate

169 881 310 920 Catulli
332 881 505 918 carmina
533 881 746 919 ediderunt.
776 880 906 931 Atque
933 881 1030 918 haec
1059 879 1106 917 de
1135 879 1309 917 Graecis.
1338 902 1390 906 ——

645 1093 722 1179 11.¹
756 1101 975 1179 Latina.

655 1261 697 1292 1.
720 1259 963 1293 Nomina.

295 1369 439 1407 Latina
466 1381 696 1407 enumerans
715 1368 905 1408 vocabula
931 1369 1056 1421 primo
1085 1368 1171 1407 loco
1198 1381 1339 1421 ponam
1368 1369 1458 1419 duo,

168 1446 267 1485 quae
312 1446 397 1472 cum
443 1446 519 1472 non
561 1433 715 1484 possint
755 1434 855 1472 ultro
892 1433 1070 1483 intellegi
1105 1446 1181 1472 non
1210 1433 1366 1472 dubium
1397 1439 1458 1473 est

169 1498 259 1548 quin
287 1498 444 1536 aliunde
472 1498 682 1549 sumpserit
709 1497 897 1547 Catullus,
924 1510 1001 1535 non
1028 1498 1114 1548 ipse
1141 1497 1308 1536 finxerit.
1361 1497 1459 1537 Sunt

169 1564 302 1600 autem
329 1561 445 1599 haec:

295 1631 562 1683 ploxenum
604 1632 668 1681 97,
700 1632 723 1669 6
766 1631 959 1682 ‘gingivas
1000 1643 1094 1669 vero
1136 1631 1297 1683 ploxeni
1338 1632 1458 1671 habet

167 1696 335 1744 veteris.'
398 1695 582 1734 Laudant
626 1696 727 1734 hunc
771 1707 926 1734 versum
972 1694 1103 1740 Quint.
1133 1695 1165 1746 I,
1203 1696 1237 1745 5,
1267 1697 1291 1734 8
1337 1709 1454 1735 unum

168 1759 483 1809 (barbarismum)
510 1763 626 1809 gente
661 1759 905 1810 (accipimus)
934 1760 1046 1811 quale
1074 1759 1116 1797 fit
1142 1760 1176 1798 si
1203 1759 1287 1811 quis
1317 1759 1457 1798 Afrum

166 1824 230 1863 vel
257 1824 476 1878 Hispanum
504 1823 671 1863 Latinae
717 1823 881 1862 orationi
924 1836 1065 1863 nomen
1102 1824 1249 1863 inserat
1278 1847 1327 1853 —
1357 1824 1458 1863 sicut

168 1889 344 1927 Catullus
370 1889 639 1940 ploxenum
677 1889 776 1926 circa
804 1888 955 1927 Padum
981 1889 1142 1938 invenit,
1169 1888 1236 1927 ubi
1265 1889 1362 1927 nihil
1392 1901 1457 1927 va-

167 1952 320 1991 rietatis
361 1952 509 1991 notavit
535 1952 728 2004 Halmius,
766 1956 805 1992 et
831 1952 976 1992 Festus
1003 1966 1040 2005 p.
1069 1953 1159 1993 239.
1187 1952 1226 1991 b.
1253 1953 1457 2006 ploxinum

169 2018 361 2070 appellari
403 2018 458 2056 ait
500 2017 676 2057 Catullus
717 2031 873 2070 capsum
915 2019 956 2057 in
988 2019 1093 2068 cisio,
1122 2032 1287 2070 capsave
1314 2021 1342 2069 †
1370 2032 1456 2058 cum

169 2082 292 2120 dixit:
335 2082 515 2133 gingivas
541 2093 631 2120 vero
668 2082 868 2133 ploxini
897 2081 1015 2121 habet
1040 2082 1199 2133 veteris,
1226 2082 1295 2122 ubi
1323 2096 1457 2123 omnes

170 2145 280 2185 codd.
317 2146 507 2184 Muellero
536 2149 639 2185 teste
679 2145 826 2185 habent
853 2145 951 2184 illud
977 2147 1187 2197 ploximun.
1217 2170 1269 2176 —
1297 2147 1358 2185 De
1386 2148 1459 2186 ori-

170 2210 260 2260 gine
302 2214 341 2248 et
376 2210 535 2247 notione
563 2209 680 2247 huius
707 2209 889 2247 vocabuli
915 2209 1080 2247 multum
1106 2209 1312 2259 litigabant
1339 2210 1458 2248 inter-

169 2278 309 2327 pretes.
365 2274 418 2314 Et
443 2273 585 2314 Mureti
613 2273 769 2325 quidem
808 2273 1079 2327 interpretatio
1107 2274 1204 2312 haec
1232 2277 1309 2314 est:
1336 2278 1459 2314 trans-

170 2340 362 2392 padanum
391 2339 636 2378 vocabulum.
686 2338 746 2376 Eo
776 2338 1045 2391 significabant
1074 2351 1231 2389 capsam
1260 2339 1301 2389 [i.
1320 2352 1354 2377 e.
1374 2352 1459 2391 par-

171 2407 250 2442 tem
290 2403 437 2442 rhedae
477 2403 546 2442 ubi
589 2402 655 2454 qui·
699 2405 900 2441 vectantur
945 2403 1109 2454 sedent}
1178 2403 1300 2442 Porro
1348 2416 1459 2456 opor·

170 2467 246 2506 tuit
277 2480 324 2506 ea
360 2468 567 2506 latitudine
596 2479 683 2506 esse
710 2467 902 2518 gingivas,
929 2468 971 2506 in
999 2468 1136 2519 quibus
1164 2468 1459 2519 sesquipedales

170 2530 306 2570 dentes
327 2531 336 2537 ’
352 2532 570 2570 insiderent.
639 2530 840 2581 Utrunque
885 2531 1040 2570 ridiculi
1086 2544 1204 2570 causa
1241 2536 1458 2583 ῦπερβολικῶς
