1655 2659
696 24 764 87 ⁷⁵-
819 28 969 95 51⁵-

195 179 271 218 inc.
297 177 374 215 fab.
404 178 441 214 6.
469 188 508 227 p.
537 175 614 214 259
642 174 757 214 Ribb.
785 174 936 213 ciconia
976 174 1095 212 etiam
1134 176 1248 225 grata
1281 174 1487 225 peregrina

196 242 350 295 hospita
384 265 438 271 —
477 239 763 292 pietaticultrix
798 239 1008 291 gracilipes
1047 238 1282 277 crotalistria
1308 262 1361 268 -
1387 238 1487 276 avis.

172 339 175 342 Δ
196 307 243 346 cf.
286 306 444 345 Petron.
490 305 554 343 55.
627 304 739 343 Idem
783 303 1028 343 vocabulum
1075 303 1285 342 restituere
1328 302 1488 341 volebat

194 369 450 409 Heinrichius
469 369 604 408 Iuven.
627 372 700 408 sat.
727 368 765 419 Ι,
796 369 870 406 116
906 380 1086 420 quaeque
1115 368 1290 406 salutato
1320 367 1488 418 crepitat

198 434 415 474 Concordia
441 433 548 483 nido,
574 433 644 471 ubi
671 434 741 471 ille
771 431 1019 471 scribendum
1047 444 1136 470 esse
1155 431 1327 470 censuit:
1346 430 1487 482 cuique

198 499 369 552 salutato
411 497 573 549 crepitat
615 496 846 536 crotalistria
888 495 991 546 nido,
1021 508 1119 547 quae
1145 495 1264 535 verba
1289 495 1345 534 ita
1370 495 1487 535 inter-

165 552 168 554 ’
195 565 375 614 pretatus
418 564 500 602 est:
543 560 624 600 und
665 561 751 613 (die
779 559 958 599 Gottheit
985 573 1038 600 sc.
1065 559 1215 611 pietas)
1243 559 1412 598 welcher
1438 571 1487 597 zu

195 627 334 666 Ehren
362 625 432 665 der
465 625 605 665 Storch
632 625 836 677 klappert,
865 637 907 663 so
935 624 994 663 oft
1021 636 1064 663 er
1092 636 1142 662 zu
1168 623 1301 662 seinen
1327 622 1486 674 Jungen

196 690 505 741 zuriickgekehrt
544 689 609 729 ist.
665 688 804 740 Neque
843 688 980 740 negari
1006 691 1143 740 potest,
1171 687 1407 739 scripturam
1434 687 1485 727 ab

194 754 423 793 Heinrichio
451 753 695 805 propositam
721 753 837 804 longe
864 752 1162 805 praeferendam
1189 765 1274 791 esse
1302 752 1484 791 contortis

195 819 277 857 illis
305 817 645 869 explicationibus,
669 817 811 869 quibus
829 818 1064 869 interpretes
1082 817 1263 855 traditam
1279 817 1485 856 lectionem

198 882 301 921 tueri
330 882 586 921 conabantur.
641 881 702 922 Of.
730 881 893 921 Publilii
920 881 1042 920 verba
1073 893 1194 934 supra
1222 880 1354 932 allata,
1383 893 1485 933 quae

196 947 334 985 eadem
360 946 618 985 Heinrichius
647 946 697 984 ad
725 946 991 984 coniecturam
1020 958 1132 984 suam
1159 945 1390 984 firmandam
1418 945 1484 984 ad-

198 1010 339 1049 hibuit.
366 1010 529 1049 Iahnius
548 1013 680 1049 tamen
698 1014 737 1049 et
753 1010 1006 1049 Hermannus
1025 1010 1145 1049 libros
1173 1010 1300 1049 secuti
1324 1012 1483 1049 sunt.—

194 1074 259 1113 Ad
281 1074 445 1114 formam
465 1074 684 1126 comparari
710 1078 878 1127 possunt
905 1075 1002 1114 talia
1030 1075 1163 1127 qualia
1191 1078 1283 1114 sunt
1300 1074 1484 1127 cymbali-

193 1139 290 1178 stria
334 1139 497 1177 Petron.
513 1168 523 1188 ,
568 1139 693 1177 Orelli
719 1140 833 1178 inser.
885 1134 989 1179 2449
1033 1153 1091 1191 sq.
1138 1143 1323 1190 ὄρχήστρια
1367 1140 1485 1190 Poll„

196 1202 337 1255 Chrys.
368 1202 418 1241 cf.
448 1202 583 1241 Thom.
610 1202 664 1241 M.
691 1216 731 1254 p.
761 1202 859 1254 256,
887 1204 924 1242 4.
951 1203 999 1242 R.
1027 1203 1308 1255 tympanistria
1349 1203 1484 1243 Sidon.

195 1273 447 1315 τυμπανίστρια
479 1265 615 1315 Dem.‚
643 1266 772 1319 Luc).
800 1291 854 1297 —-
882 1266 1064 1306 Ceterum
1091 1267 1255 1306 verbum
1283 1268 1483 1307 crotalisso

194 1328 298 1367 unde
344 1329 614 1368 deducendum
653 1331 751 1369 illud
794 1331 1030 1370 crotalistria
1072 1334 1184 1370 extat
1222 1332 1396 1371 Macrob.
1433 1332 1482 1372 de

193 1393 273 1432 diff.
317 1395 381 1444 21,
422 1396 459 1433 8.
501 1397 594 1433 sunt
621 1395 814 1446 quaedam
857 1396 973 1435 huius
1014 1396 1165 1435 formae
1201 1397 1275 1448 (sc.
1302 1397 1481 1449 frequen-

191 1458 360 1509 tativae)
408 1459 494 1497 sine
538 1459 758 1499 substantia
798 1460 1051 1512 principalis:
1093 1461 1344 1513 cyathissare,
1381 1464 1479 1514 tym-

192 1522 406 1575 panissare,
435 1523 692 1564 crotalissare.
728 1532 908 1575 κροταλίζω
936 1525 1041 1577 apud
1069 1525 1244 1566 Graecos
1262 1526 1424 1578 passim.

705 1717 961 1724 ———

688 1856 758 1912 11.
798 1833 989 1914 Latina.

616 1963 659 1994 1.
695 1942 1048 1996 Nomina.

319 2060 342 2085 a
354 2061 371 2086 s
388 2060 406 2086 s
422 2061 444 2087 e
460 2062 479 2087 s
494 2062 512 2088 s
526 2062 553 2088 u
567 2063 585 2089 s
612 2050 661 2101 V,
681 2051 742 2101 11,
757 2051 808 2089 50
822 2051 1024 2103 quaelibet
1037 2054 1213 2091 austeras
1233 2051 1283 2091 de
1299 2065 1361 2092 me
1375 2053 1478 2093 ferat

189 2124 286 2151 urna
312 2112 480 2153 tabellas
507 2139 561 2145 —
587 2115 739 2167 turpior
767 2128 919 2155 assessu
947 2129 1025 2156 non
1054 2117 1133 2156 erit
1158 2117 1240 2156 ulla
1265 2117 1380 2156 meo’.

318 2181 588 2218 cantamen
614 2179 673 2229 V,
721 2181 767 2230 4,
797 2180 847 2220 51
875 2180 910 2219 Ο
937 2181 1088 2220 utinam
1115 2181 1294 2233 magicae
1321 2194 1475 2221 nossem

190 2240 416 2280 cantamina
451 2242 614 2282 Musae’.
669 2243 820 2283 Eadem
856 2256 931 2284 vox
958 2245 1156 2297 reperitur
1183 2245 1290 2297 apud
1317 2245 1475 2284 infimae

189 2304 332 2343 aetatis
374 2305 582 2357 scriptores
625 2307 672 2347 cf.
699 2306 818 2360 Apul.
847 2307 896 2348 de
929 2321 1032 2361 mag.
1060 2309 1124 2348 43.
1153 2308 1218 2350 84.
1252 2311 1408 2350 metam.
1436 2310 1475 2360 2,

190 2368 263 2418 22;
291 2367 470 2409 Hildebr.
498 2369 549 2409 ad
577 2383 610 2409 c.
640 2372 716 2411 102
745 2372 793 2411 de
819 2385 921 2424 mag.

319 2438 626 2474 memorator
670 2436 756 2487 IV,
799 2438 847 2484 1,
891 2438 941 2476 33
976 2449 1049 2476 nec
1075 2449 1153 2476 non
1179 2437 1247 2478 ille
1272 2438 1333 2477 tui
1360 2451 1475 2478 casus

188 2500 425 2537 memorator
451 2498 649 2539 Homerus
667 2525 721 2531 —
739 2501 971 2553 posteritate
998 2514 1114 2541 suum
1141 2515 1317 2543 crescere
1345 2503 1474 2542 sensit

188 2562 311 2613 opus’.
338 2565 666 2604 memoratrix
692 2565 796 2605 dixit
808 2565 992 2607 Valerius
1018 2566 1186 2607 Flaccus
1218 2566 1254 2617 5,
1286 2567 1361 2606 142
1389 2566 1472 2607 illis
