1655 2659
629 76 682 86 ..-
738 49 790 95 34
834 59 896 86 ..’.

244 171 457 213 rosidus
501 174 548 212 61
568 203 578 224 ,
625 175 676 212 24
720 185 817 224 quos
859 173 1062 224 (ramulos)
1101 169 1403 225 Hamadryades

113 238 213 279 deae
229 264 281 271 -
297 237 491 277 ludicrum
507 238 580 277 sibi
593 237 722 277 rosido
737 261 788 267 —
803 238 979 277 nutriunt
996 237 1154 277 umore’.
1174 251 1193 276 r
1203 250 1226 276 o
1236 250 1255 276 s
1265 250 1286 276 c
1296 236 1402 276 idus

111 304 202 343 libri
244 306 399 355 praeter
444 301 712 342 veronensem
762 306 800 341 et
846 302 1037 342 editiones
1078 305 1243 355 excepta
1278 301 1404 341 Lach-

111 368 323 407 manniana
343 379 467 418 eaque
493 367 610 418 vulgo
639 366 849 405 uteba-ntur
867 366 1004 405 forma.
1036 379 1090 405 ro
1102 366 1179 405 rid
1191 378 1243 405 us
1271 365 1406 404 dixere

111 432 343 484 Propertius
374 435 414 470 et
442 432 508 482 qui
537 444 625 469 eum
654 434 808 470 secutus
836 435 895 470 est
921 431 1121 483 Apuleius.
1140 455 1194 461 —
1221 430 1405 469 Glossae:

110 496 263 536 rosidus
292 504 525 550 δεδροσμένος,
550 504 716 551 δροσερός.

243 581 543 619 semitarius
587 582 636 618 37
654 610 664 630 ,
709 581 756 618 16
802 591 936 617 omnes
977 577 1110 629 pusilli
1148 579 1187 614 et
1214 574 1406 613 semitarii

112 645 291 683 moechi’.
348 644 425 688 Qui
451 645 674 684 meretrices
713 643 990 682 consectamini
1018 641 1132 680 obelo
1160 640 1202 678 in
1228 639 1406 691 angipor-

62 728 64 730 ’
111 708 163 747 tis
190 711 413 760 prostantes
440 712 545 749 recte
579 709 853 761 interpretatur
880 706 1057 758 Vulpius.

240 790 316 828 His
346 790 586 829 addendum:

240 871 613 923 hyacinthinus
657 871 732 920 61,
775 870 825 908 89
867 869 956 913 talis
995 867 1095 907 solet
1123 890 1174 897 —
1202 868 1308 905 star'e
1334 865 1405 904 flos

113 933 414 988 hyac'inthinus’.
471 935 580 973 Idem
607 934 837 986 vocabulum
872 933 951 971 alio
981 944 1097 970 sensu
1123 930 1265 981 legitur
1291 930 1403 967 Pers.

118 1002 152 1050 1,
182 1001 233 1039 32
263 1000 325 1038 cui
354 1000 458 1038 circa
486 1000 669 1037 humeros
697 997 951 1050 hyacinthina
969 997 1134 1045 laenast,
1151 994 1221 1033 ubi
1239 993 1407 1032 colorem

112 1064 308 1116 significat
333 1064 546 1117 hyacintho
575 1063 754 1114 similem,
783 1061 864 1114 quoj
896 1074 1011 1101 sensu
1037 1059 1138 1100 Plin.
1168 1059 1230 1108 37,
1261 1058 1284 1096 5
1313 1056 1405 1109 (20)

115 1130 163 1167 77
195 1132 236 1167 et
264 1128 389 1167 Solin.
420 1130 470 1166 52
501 1129 592 1178 §66
614 1129 746 1166 dicunt
773 1126 1141 1179 hyacinthizon
1168 1128 1408 1171 (ὖακινθίζων)

115 1191 161 1230 cf.
192 1195 233 1231 et
258 1192 367 1244 vulg.
397 1191 510 1231 Esth.
539 1204 577 1229 v.
609 1192 631 1229 6
660 1191 828 1230 tentoria
860 1190 956 1228 aerii
994 1187 1179 1228 coloris
1208 1189 1248 1225 et
1275 1185 1406 1224 carba-

113 1256 190 1293 sini
219 1259 257 1294 et
283 1255 620 1307 hyacinthini.
676 1254 826 1293 Eadem
859 1252 1140 1304 significatione
1169 1263 1245 1301 qua
1272 1249 1405 1288 Catul-

111 1319 172 1356 lus
210 1318 505 1370 hyacinthinus,
535 1318 670 1356 dixere
699 1317 853 1355 infimae
882 1317 1022 1356 aetatis
1050 1315 1260 1366 scriptores
1288 1313 1408 1366 hya-

111 1383 376 1422 cinthaeus
422 1386 468 1421 ut
513 1383 681 1422 Venant.
714 1395 830 1421 carm.
861 1383 912 1432 8,
942 1383 978 1431 6,
1022 1380 1111 1419 270.
1138 1402 1191 1409 ——
1220 1377 1406 1434 Ceterum

112 1450 158 1484 ut
186 1446 362 1486 Catullus
389 1447 461 1485 flos
489 1446 787 1498 hyacinthinus,
820 1445 877 1484 ita
906 1445 1047 1484 Graeci
1077 1449 1275 1483 ὑακίνθινον
1297 1447 1405 1482 ἄνθος

113 1510 188 1550 οᾱ.
220 1513 257 1562 6,
286 1513 377 1550 231.
409 1512 472 1562 23,
504 1513 592 1550 158.
622 1511 715 1550 Eur.
747 1511 828 1562 Iph.
858 1510 950 1549 Aul.
984 1511 1100 1549 1298.

586 1708 645 1739 3.
681 1706 932 1739 verba.

238 1814 373 1853 Verba
409 1814 622 1865 singularia
650 1813 752 1865 apud
780 1813 973 1851 Catullum
1002 1816 1211 1851 occurrunt
1236 1813 1350 1873 haec:

241 1896 478 1934 confutuo
522 1896 598 1944 37,
644 1896 666 1933 5
695 1895 844 1946 putatis
876 1917 926 1922 —
955 1895 1046 1933 solis
1074 1894 1195 1933 licere
1222 1893 1408 1945 quidquid

112 1962 173 1997 est
215 1959 436 2010 puellarum
480 1982 530 1989 —-
573 1958 799 1996 confutuere
842 1961 880 1995 et
906 1960 1041 2009 putare
1070 1961 1218 1996 ceteros
1246 1957 1406 1996 hircos?

110 2023 149 2063 V
177 2023 310 2063 confut
321 2037 341 2062 e
351 2037 371 2063 r
386 2037 419 2063 e.

241 2102 330 2140 def
336 2107 457 2140 utuo
505 2104 574 2152 41,
607 2105 624 2141 1
657 2102 845 2153 Ametina
872 2103 1004 2154 puella
1031 2102 1210 2140 defututa
1238 2123 1290 2129 —
1320 2105 1405 2141 tota

111 2167 223 2207 milia
248 2180 312 2207 me
341 2167 477 2207 decem
505 2167 688 2219 poposcit
717 2167 763 2205 cf.
794 2167 858 2217 29,
890 2167 938 2205 13
966 2170 1010 2206 ut
1037 2167 1114 2206 ista
1140 2170 1273 2206 vestra
1300 2165 1407 2206 defu-

108 2235 195 2271 tuta
233 2232 411 2271 Mentula
438 2254 491 2261 -—
521 2231 721 2270 ducenties
766 2235 955 2270 comesset
997 2235 1064 2270 aut
1106 2231 1327 2270 trecenties'
1364 2231 1407 2282 (e

109 2296 355 2336 Lachmanni
401 2295 697 2345 emendatione3
741 2294 780 2334 V
829 2295 930 2333 diff
937 2299 1100 2346 utura,
1145 2295 1248 2334 unde
1291 2294 1406 2346 vulgo

109 2365 316 2416 legebatur
361 2364 586 2416 diffututa),
635 2364 739 2416 quod
786 2377 1008 2416 quanquam
1053 2378 1131 2404 non
1176 2369 1285 2404 extat
1329 2363 1407 2403 nisi

111 2430 186 2468 hac
213 2429 413 2481 participii
451 2430 575 2468 forma
604 2429 725 2467 tutius
755 2433 885 2468 tamen
912 2429 1116 2468 videbatur
1144 2431 1220 2468 huc
1248 2429 1407 2479 referre,

111 2507 199 2534 cum
242 2498 281 2534 et
323 2493 419 2533 illud
463 2494 647 2533 confutuo
676 2494 780 2546 apud
809 2495 934 2534 solum
963 2493 1159 2534 Catullum
1191 2494 1408 2547 reperiatur

110 2563 149 2599 et
176 2560 279 2612 quod
308 2559 478 2599 eundem
504 2559 626 2598 habet
653 2573 808 2599 sensum
1129 2571 1131 2574 ⁴

1416 0 1455 9 ‘'·
1476 0 1558 20 „⁸2⁴5”

1322 31 1336 54 κ
1392 39 1399 44 -
1554 31 1571 53 s
1602 55 1614 62 ,

1571 66 1604 82 ,,
