1655 2659
1273 0 1279 4 ’
1309 38 1311 40 ,
1347 0 1365 42 f*
1383 0 1535 30 ‘ww

717 61 979 131 548-

197 184 323 224 tentia
363 183 407 223 fit
449 184 556 223 clara
598 188 637 223 et
676 184 806 237 plana.
863 184 1101 237 Corruptum
1145 188 1204 224 est
1238 188 1369 225 autem
1395 183 1494 225 illud

198 249 383 288 domante
426 249 531 288 haud
573 249 688 290 dubie
731 262 797 298 eo,
828 250 929 301 quod
957 249 1106 288 librarii
1136 250 1239 289 oculi
1267 250 1496 290 aberrarunt

196 312 247 352 ad
275 326 429 353 versum
456 313 758 365 praecedentem
787 312 853 351 ubi
881 317 940 351 est
967 312 1204 352 moderator.
1231 337 1284 343 -—
1311 312 1492 353 Ceterum
1541 348 1553 363 .7
1596 348 1601 355 ,

195 377 403 429 legebatur
446 379 544 417 haec
587 391 664 417 vox
692 382 810 417 antea
838 379 957 417 etiam
985 378 1115 417 Amm.
1144 378 1209 429 21,
1237 380 1273 429 5,
1303 380 1344 418 9:
1372 379 1494 418 fortu-

195 447 330 481 natum
372 442 609 482 domator-em
651 443 724 494 (al.
755 443 1057 493 dominatorem)
1085 443 1260 493 gentium
1288 443 1491 494 adpellans

195 509 235 544 et
274 518 436 557 regum,
477 506 545 545 ubi
588 510 721 545 tamen
764 505 1093 558 Eyssenhardtius
1135 518 1157 544 e
1187 505 1271 546 cod.
1300 506 1492 546 Vaticano

195 571 365 623 (emend.
396 571 511 622 prim.
541 583 681 609 manus
711 572 806 621 ant)
837 572 992 623 scripsit
1019 570 1322 610 domitorem.

325 635 410 674 Iam
445 635 638 675 adiectiva
677 635 782 675 solus
811 634 933 674 habet
959 635 1185 688 panegyrici
1213 639 1346 674 auctor
1374 635 1490 675 haec:

324 700 367 751 a)
414 701 708 753 composita:
750 702 1052 752 inaequatus
1092 713 1129 739 v.
1160 701 1211 739 43
1255 702 1380 753 qualis
1416 700 1488 752 (sc.

193 763 310 814 libra)
339 765 592 817 inaequatum
613 767 649 805 si
669 766 823 817 quando
851 778 949 804 onus
967 769 1079 816 urget
1096 765 1290 818 utrimque
1307 766 1490 805 —insta-

193 827 284 867 bilis
312 833 423 867 natat
451 830 602 868 alterno
632 830 853 881 depressior
881 829 998 878 orbe’‚

328 892 372 944 b)
400 893 799 932 denominativa.

389 958 645 998 Arecteus
693 958 769 998 142
807 957 966 1010 Gyndes
994 981 1046 986 -
1075 960 1161 995 aret
1188 955 1367 996 Arecteis
1396 957 1491 997 haut

194 1033 276 1059 una
303 1033 373 1072 per
401 1022 506 1060 ostia
535 1021 711 1073 campis’.
742 1021 818 1066 Qui
845 1022 923 1060 sint
950 1020 1111 1059 Areotei
1139 1020 1266 1071 campi
1286 1032 1362 1058 non
1383 1024 1489 1060 certo

193 1089 325 1138 potest
352 1085 570 1126 diiudicari.
608 1087 660 1126 Et
688 1087 910 1138 Scaligerus
942 1085 1096 1138 quidem
1133 1085 1296 1124 deduxit
1322 1085 1396 1124 hoc
1425 1086 1490 1125 ad-

196 1150 379 1189 iectivum
418 1151 467 1189 ab
513 1152 655 1203 oppido
685 1152 754 1190 illo
782 1151 908 1200 Arec,
938 1151 1048 1188 cuius
1077 1150 1223 1188 mentio
1249 1149 1294 1187 fit
1321 1162 1408 1200 gen.
1442 1150 1490 1190 10

194 1213 248 1265 (v.
274 1215 337 1265 10)
365 1214 440 1253 fuit
467 1219 597 1254 autem
624 1229 661 1267 pl
671 1215 857 1267 incipium
884 1214 994 1266 regni
1022 1214 1106 1252 eius
1128 1213 1302 1266 Babylon
1331 1220 1371 1252 et
1388 1214 1490 1253 Arec

197 1283 235 1316 et
262 1278 404 1317 Achad
447 1284 486 1318 et
514 1279 636 1318 Calue
663 1281 704 1318 in
733 1285 836 1318 terra
864 1279 1024 1317 Senaar.
1081 1278 1204 1329 Atqui
1233 1278 1282 1316 ab
1311 1291 1358 1317 eo
1387 1279 1490 1330 quod

197 1346 259 1381 est
287 1342 393 1381 Arec
413 1343 524 1403 (3333)
560 1357 636 1382 non
677 1346 807 1396 potest
848 1342 931 1382 fieri
980 1341 1216 1380 adiectivum
1262 1341 1489 1382 Arecteus

201 1406 269 1445 sed
296 1406 527 1446 Arecaeus
557 1409 640 1447 sive
670 1409 933 1447 Areccaeus
962 1411 1077 1458 atque
1105 1406 1183 1455 ita,
1222 1406 1255 1444 si
1284 1405 1378 1457 quid
1406 1409 1509 1444 mu-‘

193 1470 356 1509 tandum
386 1472 449 1522 sit,
491 1473 624 1524 legere
660 1473 793 1511 malim
822 1484 938 1524 quam
964 1476 1008 1509 ut
1035 1470 1087 1509 Is.
1117 1469 1286 1508 Vossius
1319 1469 1489 1521 suspica-

191 1538 253 1574 tus
297 1539 356 1574 est
396 1535 646 1576 Darnaeis
689 1537 755 1589 qui
795 1536 936 1575 collato
973 1534 1170 1573 Herodoti
1196 1534 1284 1572 loco
1313 1534 1366 1584 (1,
1397 1534 1488 1585 189)

191 1600 293 1639 nihil
319 1600 490 1652 proficit3
519 1614 609 1640 nam
639 1602 695 1640 ibi
720 1600 927 1653 legendum
965 1606 1027 1640 est
1054 1608 1125 1651 ῥέει
1148 1607 1184 1640 δὲ
1207 1607 1261 1640 διὰ
1278 1608 1488 1653 Δαρδανέων

188 1673 395 1718 (Δαρδάνων
427 1668 513 1706 cod.
535 1667 569 1705 B
600 1665 769 1716 Steinii).
825 1666 881 1704 At
907 1679 957 1704 ne
984 1667 1055 1705 hoc
1084 1668 1240 1718 quidem
1269 1668 1488 1706 coniectura

191 1735 251 1770 est
283 1730 527 1770 inferendum
571 1729 744 1780 Tibullo,
773 1742 859 1768 cum
887 1743 963 1768 non
993 1730 1211 1770 verisimile
1241 1731 1303 1781 sit,
1332 1734 1378 1770 ut
1406 1744 1486 1770 vox

189 1795 393 1834 tritissima
420 1794 719 1834 Dardaneis
740 1794 948 1846 depravari
981 1794 1152 1846 potuerit
1176 1794 1216 1833 in
1246 1794 1341 1833 illud
1369 1794 1487 1834 Are-

189 1860 330 1898 cteis.
386 1859 528 1898 Melius
558 1859 691 1909 utique
720 1862 758 1896 et
799 1858 863 1896 hic
905 1858 1137 1896 coniecturis
1188 1858 1482 1909 abstinebimus,

190 1935 277 1961 cum
307 1923 359 1962 sit
388 1923 505 1975 plane
533 1922 670 1961 eadem
698 1922 813 1961 huius
840 1922 915 1960 loci
943 1927 1058 1972 atque
1086 1922 1192 1960 illius
1220 1934 1336 1973 quem
1364 1935 1482 1975 supra

188 1987 395 2026 habuimus
423 1988 473 2037 (v.
509 1988 581 2025 ‘145
613 2000 644 2025 s.
674 2000 711 2025 v.
740 1985 919 2037 Magyni)
947 1985 1132 2024 condicio.

319 2050 582 2102 Arupinus
625 2050 700 2089 110
738 2049 850 2088 testis
877 2049 1068 2101 Arupinis
1107 2052 1145 2088 et
1180 2062 1329 2101 pauper
1367 2055 1481 2090 natus

187 2114 229 2152 in
256 2113 386 2153 arvis’.
443 2114 669 2165 Scaligerus
699 2113 864 2152 coniecit
891 2113 1146 2165 Arupinas
1179 2114 1301 2153 forma
1342 2115 1480 2154 veteri-

188 2178 258 2217 bus
300 2191 377 2217 non
420 2178 578 2217 usitata.
634 2177 757 2217 Multo
800 2178 918 2217 etiam
946 2177 1136 2217 infelicius
1165 2178 1232 2230 qui
1259 2179 1481 2219 retinebant
1516 2228 1519 2229 ⁷

186 2242 283 2281 illud
314 2242 574 2294 Arupinus
603 2243 705 2293 quod
733 2242 854 2293 vulgo
884 2242 1082 2280 ferebatur
1108 2246 1200 2281 ante
1220 2241 1479 2294 Scaligerum.

186 2307 259 2346 Est
277 2320 369 2347 vero
387 2312 494 2347 recta
509 2306 716 2347 Ouiaciani
738 2307 929 2359 scriptura
945 2308 1006 2347 Ar
1017 2320 1043 2346 u
1054 2308 1158 2360 pini
1171 2321 1200 2349 s.
1217 2333 1269 2339 —
1284 2308 1479 2360 Arupium

187 2376 270 2410 erat
296 2372 484 2424 Iapydiae
512 2373 607 2411 urbs
637 2373 684 2411 cf.
715 2372 858 2422 Scalig.
888 2372 938 2410 ad
966 2374 1005 2411 h.
1034 2373 1061 2410 1.

314 2436 599 2475 Meletaeus
651 2437 729 2475 200
779 2448 895 2488 posse
938 2436 1154 2475 Meletaeas
1196 2448 1273 2474 non
1317 2434 1479 2475 mallem

184 2500 345 2552 vincere
373 2500 553 2551 chartns'‚
581 2501 607 2540 i.
637 2514 671 2540 e.
699 2501 864 2540 Homeri
893 2501 1078 2539 carmina.
1110 2500 1236 2539 Meles
1267 2504 1383 2547 Μέλης
1409 2500 1479 2539 flu-

183 2564 268 2604 vius
311 2569 394 2604 erat
434 2565 571 2605 urbem
600 2565 813 2628 Smyrnam*
837 2565 988 2604 alluens
1018 2564 1065 2604 ef.
1093 2565 1191 2604 Plin,
1224 2566 1270 2616 5,
1314 2565 1364 2603 29
1393 2563 1478 2617 (31)
