1655 2659
530 739 614 802 A„
661 739 1046 802 Qassnlffims

658 885 699 939 I.
729 885 928 939 Graeca.

617 1010 970 1043 Nomina.

276 1116 387 1161 Quae
417 1129 505 1154 cum
537 1119 606 1154 aut
632 1115 792 1154 nomina
818 1115 978 1167 propria
1005 1116 1081 1154 sint
1101 1119 1169 1154 aut
1189 1116 1435 1167 appellativa,

145 1181 248 1218 hunc
289 1192 439 1231 semper
477 1180 655 1217 ordinem
693 1178 866 1228 servabo,
897 1182 939 1216 ut
966 1179 1134 1230 primum
1163 1179 1358 1217 disseram
1386 1179 1435 1218 de

147 1244 371 1282 nominibus
399 1244 576 1295 propriis,
609 1243 700 1281 dein
733 1243 782 1281 de
811 1243 1073 1294 appellativis.
1129 1242 1259 1293 Atque
1295 1243 1434 1282 utrius-

147 1319 224 1358 que
268 1307 423 1357 generis
463 1318 659 1358 perpauca
687 1305 809 1343 habet
836 1305 1023 1344 Catullus.
1078 1305 1248 1344 Nomina
1275 1307 1436 1358 propria

146 1371 222 1410 tria
263 1374 415 1410 tantum
456 1370 559 1423 apud
597 1382 687 1409 eum
712 1370 901 1421 leguntur,
929 1383 1028 1422 quae
1055 1370 1198 1409 frustra
1224 1372 1435 1422 quaesieris

147 1435 251 1487 apud
278 1435 447 1487 reliquos
476 1435 690 1487 scriptores
718 1435 881 1473 latinos:

240 1505 243 1510 ’
273 1499 496 1540 Nereine
540 1499 604 1550 64,
631 1500 682 1538 28
711 1499 821 1538 Tene
851 1499 989 1538 Thetis
1017 1500 1143 1539 tenuit
1170 1500 1434 1552 pulcherrima

146 1563 338 1603 Nereine?
366 1577 388 1603 e
416 1564 621 1603 verissima
637 1563 805 1615 Hauptii
823 1563 1106 1603 emendatione.
1122 1564 1172 1603 N
1183 1577 1204 1604 e
1215 1568 1262 1603 ct
1273 1565 1287 1603 i
1298 1578 1356 1603 ne
1374 1565 1435 1616 L.,

145 1629 415 1681 Neptunne
440 1626 503 1679 'D.,
531 1627 751 1680 Neptine
770 1628 834 1678 V.,
862 1628 964 1666 unde
983 1629 1127 1666 factum
1147 1633 1207 1668 est
1224 1629 1434 1669 barbarum

80 1694 84 1697 ’
145 1693 241 1731 illud
285 1693 595 1744 Neptuniae,
639 1691 742 1743 quod
783 1704 917 1730 omnes
961 1691 1148 1730 editiones
1176 1697 1435 1744 occupaverat

144 1756 266 1797 donec
284 1757 434 1810 expulit
450 1756 663 1809 Hauptius.
694 1760 849 1807 Νηρηΐνη
871 1769 941 1808 pro
959 1761 1102 1807 Νηρηΐις
1115 1756 1434 1810 dixitvOppianus

143 1822 233 1860 Hal.
265 1823 300 1871 1,
329 1823 419 1859 386.

274 1885 469 1937 Thynia
496 1885 559 1936 31,
589 1885 612 1925 5
640 1885 708 1924 vix
736 1885 791 1924 mi
817 1885 902 1937 ipse
922 1885 1082 1924 credens
1098 1885 1292 1937 Thyniam
1312 1889 1433 1936 atque

149 1948 533 2000 Bithynos-liquisse
576 1948 758 2000 campos’.
779 1973 791 1978 ο
815 1949 932 2001 Apud
964 1949 1134 1988 Graecos
1174 1961 1316 1988 nomen
1357 1950 1433 1987 hoc

144 2014 184 2050 et
209 2011 377 2051 insulam
404 2009 602 2063 significat
628 2013 668 2051 in
691 2013 818 2052 Ponto
837 2012 995 2051 Euxino
1024 2012 1074 2051 ad
1101 2026 1209 2051 oram
1226 2013 1433 2065 Bithyniae

146 2076 276 2127 sitam,
305 2075 354 2115 de
382 2088 459 2127 qua
487 2074 617 2114 Strab.
645 2090 684 2128 p.
712 2077 802 2127 543,
840 2078 861 2115 7
891 2077 998 2129 (eam
1024 2076 1156 2129 Apoll.
1183 2076 1256 2115 Rh.
1286 2077 1323 2126 2,
1354 2077 1431 2115 673

142 2145 257 2181 vocat
297 2141 422 2193 Θυιάς)
459 2144 497 2181 et
542 2139 751 2194 Bithyniae
806 2155 916 2182 oram
957 2142 1316 2196 septentrionalem,
1355 2155 1432 2194 quo

145 2207 286 2259 Thyni,
314 2207 506 2247 Thraciae
541 2206 696 2259 quidam
730 2207 913 2258 populus,
942 2207 1301 2258 commigraverant.
1329 2206 1433 2244 Hinc

143 2270 382 2310 Claudianus
409 2270 471 2322 (in
499 2270 662 2323 Eutrop.
682 2271 736 2321 II,
765 2271 863 2323 246)
892 2272 941 2311 ab
968 2271 1125 2311 Achille
1155 2270 1281 2310 Statio
1300 2271 1434 2310 lauda-

143 2338 224 2374 tus:
253 2334 380 2387 Thyni
411 2334 584 2375 Thraces
623 2335 736 2374 erant
779 2336 873 2387 (leg.
903 2340 1025 2386 arant,
1060 2335 1139 2374 vid.
1167 2335 1327 2387 Heius.)
1356 2349 1434 2387 qua

143 2411 247 2438 nunc
274 2399 460 2451 Bithynia
480 2399 623 2450 fertur.
650 2399 781 2452 Atque
809 2401 863 2439 ita
892 2404 931 2440 et
958 2401 1139 2440 hocloco
1163 2399 1433 2452 accipiendum

142 2462 308 2502 videtur.
345 2463 512 2516 Thyni
540 2464 591 2503 ab
618 2464 704 2516 ipso
732 2464 886 2504 Catullo
914 2469 1178 2505 memorantur
1207 2466 1295 2516 25‚7
1325 2468 1432 2504 cata-

4 2556 32 2591 ‘2'
77 2578 84 2581 -
143 2527 391 2580 graphosque
419 2528 590 2581 Thynos,
619 2528 687 2568 ubi
716 2529 793 2568 vid.
822 2530 941 2582 intpp.

0 2585 50 2621 ἐκ,
60 2593 76 2621 ζ

0 2618 136 2659 Q?
145 2644 221 2659 ssara.
237 2653 239 2659 1
