1655 2659
521 575 596 638 w„
652 575 1120 651 hamarim„

385 721 433 758 cf.
462 720 699 771 Hertzberg.
743 725 908 772 quaestt.
938 721 1135 772 Propertt.
1169 720 1253 760 163.

305 783 388 821 Iam
426 784 467 821 in
496 785 695 835 Propertii
721 785 882 823 vocibus
910 784 1168 834 singularibus
1197 782 1467 822 enumerandis

176 846 332 885 difficile
366 847 472 886 dictu
519 851 576 887 est
616 861 808 899 quaenam
841 848 1036 901 sequenda
1064 848 1115 888 sit
1140 849 1253 897 ratio,
1282 860 1368 887 cum
1397 860 1466 887 eae

172 912 382 962 pleraeque
421 913 498 950 sint
536 917 604 951 aut
629 914 789 951 nomina
816 914 971 964 propria
1000 916 1067 951 aut
1095 912 1285 951 adiectiva
1313 913 1361 951 ab
1389 913 1467 951 illis

173 973 361 1025 derivata,
381 988 544 1026 quoium
564 977 596 1014 si
615 976 679 1015 vel
697 980 817 1015 totam
837 977 1073 1028 farraginem
1088 977 1379 1028 diligentissime
1395 976 1468 1015 col-

172 1040 315 1078 lectam
358 1040 546 1089 habebis,
590 1041 687 1079 nihil
725 1045 792 1079 aut
832 1042 1061 1092 perpaulum
1104 1042 1154 1080 ad
1183 1042 1466 1080 accuratiorem

172 1104 329 1154 linguae
357 1104 506 1143 latinae
535 1105 794 1155 cognitionem
822 1106 1041 1157 profeceris.
1075 1105 1184 1144 Idem
1211 1118 1306 1144 sane
1335 1105 1468 1144 evenit

172 1168 213 1206 in
256 1168 407 1207 Tibulli
453 1169 684 1208 carminibus
718 1173 758 1208 et
786 1170 1022 1221 panegyrico
1049 1170 1275 1219 Messalae,
1304 1172 1344 1207 at
1371 1168 1467 1207 diffi-

175 1232 284 1270 cilior
325 1233 447 1271 multo
491 1236 530 1271 et
569 1234 773 1272 molestior
801 1234 842 1271 in
870 1233 1076 1284 Propertio
1104 1245 1168 1271 res
1199 1237 1276 1281 est,
1323 1233 1466 1284 quippe

173 1297 238 1347 qui
280 1301 361 1335 tam
402 1298 524 1335 multa
558 1298 674 1336 istius
706 1298 862 1348 generis
891 1298 1058 1346 habeat,
1103 1297 1209 1335 nullo
1237 1301 1280 1335 ut
1308 1297 1466 1347 negotio

171 1361 313 1399 iustum
356 1361 633 1399 enumerandis
667 1361 716 1398 iis
744 1364 1000 1412 accurateque
1029 1361 1256 1399 enarrandis
1282 1361 1466 1399 volumen

171 1424 303 1475 possis
341 1423 540 1462 conficere.
597 1424 739 1475 Itaque
781 1436 867 1462 cum
908 1436 983 1462 nec
1023 1424 1207 1476 persequi
1247 1424 1374 1462 fusius
1402 1423 1466 1462 hic

174 1488 255 1527 loci
283 1489 391 1527 illam
421 1489 685 1539 quaestionem
712 1489 854 1527 vellem
882 1500 1007 1539 neque
1033 1500 1124 1527 vero
1144 1488 1330 1527 frustrare
1348 1488 1467 1526 lecto-

174 1565 257 1590 rem
285 1553 333 1590 iis
362 1565 460 1603 quae
490 1553 531 1590 in
560 1565 645 1590 eam
672 1564 754 1590 rem
783 1552 1034 1602 collegeram,
1063 1552 1246 1603 optimum
1266 1551 1468 1590 videbatur

172 1630 402 1656 enumerare
444 1616 602 1669 quidem
644 1616 831 1655 vocabula
869 1617 998 1654 omnia
1041 1639 1089 1645 —-
1133 1616 1209 1655 nisi
1236 1615 1339 1667 quod
1367 1604 1467 1666 fugit

170 1681 417 1732 dlligentiam
470 1706 541 1731 —,
593 1681 692 1719 nihil
748 1684 877 1719 autem
925 1680 1081 1719 adicere
1123 1680 1465 1731 interpretationis,

170 1758 285 1796 quam
329 1747 460 1797 quivis
502 1747 640 1784 harum
681 1758 810 1784 rerum
854 1746 1027 1784 curiosus
1068 1749 1203 1797 petere
1244 1746 1390 1796 poterit
1417 1757 1466 1783 ex

169 1810 380 1848 uberrimis
409 1810 660 1860 Hertzbcrgii
688 1810 931 1860 aliorumque
961 1809 1328 1848 commentariis.—
1348 1810 1463 1848 Cete-

170 1874 308 1925 roquin
348 1874 514 1912 eundem
554 1874 731 1912 ordinem
748 1903 758 1923 ,
800 1885 874 1924 quo
907 1874 947 1911 in
975 1872 1126 1912 Catullo
1155 1876 1272 1924 atque
1300 1872 1461 1911 Tibullo

169 1951 263 1977 usus
292 1952 390 1989 sum,
418 1943 457 1977 et
485 1939 548 1977 hic
576 1938 752 1978 servabo.

636 2170 644 2181 '
675 2179 717 2234 Ι.
759 2179 959 2235 Graeca.

526 2317 567 2349 1.
600 2317 829 2351 Nomina
852 2318 1101 2359 propriu.

296 2423 495 2475 Amycle
523 2422 581 2473 V,
629 2424 665 2473 5,
696 2424 747 2463 35
774 2423 936 2475 Ingerat
962 2422 1117 2476 Apriles
1146 2423 1233 2463 Jole
1261 2423 1343 2474 tibi,
1371 2427 1458 2463 tun-

168 2489 234 2529 dat
278 2487 443 2539 Amycle
486 2512 539 2517 ——
580 2488 749 2526 natalem
791 2488 894 2527 Mais
935 2488 1074 2527 Idibus
1117 2501 1202 2526 esse
1243 2489 1377 2528 tuum’.
1406 2512 1458 2518 —-

164 2563 341 2606 Ἀμιῗκλαΐ,
364 2575 411 2600 ου,
436 2559 453 2594 ὃ
482 2555 629 2593 habent
657 2554 811 2594 GraeCl.
