1655 2659
611 61 872 104 *36*-

91 175 247 219 nuisset.
271 180 512 234 Recipienda
530 182 648 235 igitur
670 183 860 236 Scaligeri
890 183 1126 235 coniectura,
1154 196 1269 236 quam
1296 183 1385 224 illu·

91 248 193 283 strat
234 247 396 298 egregia
437 248 554 286 Pauli
591 249 758 287 Manutii
788 248 1010 287 observatio
1039 248 1079 291 in
1108 247 1188 289 Cic.
1218 248 1269 287 ad
1295 249 1385 288 fam.

94 311 130 360 9,
161 309 225 360 22,
257 312 302 350 4:
348 311 505 364 battuit,
545 313 678 365 inquit,
723 313 984 366 impudentem
1013 313 1140 365 depsit
1166 313 1288 354 multo
1317 314 1386 353 im-

89 374 308 425 pudentius,
364 376 432 414 ubi
461 378 558 416 haec
587 379 646 416 vir
676 378 921 417 doctissimus
951 378 1007 429 (p.
1039 377 1116 417 665
1147 377 1208 416 ed.
1237 377 1387 430 Ragaz-

91 439 198 491 zoni)
226 439 461 492 batuere,
503 443 652 494 inquit,
695 447 734 481 et
762 443 974 495 depsere
1002 455 1088 481 cum
1115 454 1194 481 non
1221 442 1386 482 obscena

90 505 249 555 proprie
279 506 359 543 sint
386 507 518 553 verba,
548 521 637 545 nam
666 508 762 545 illud
791 511 849 546 est
875 507 1092 556 verberare,
1110 507 1175 545 vel
1195 519 1383 558 pugnare,

88 567 161 606 hoc
205 569 420 620 subigendo
463 574 642 610 tenerum
684 571 866 622 reddere3
904 571 955 610 ad
998 570 1209 609 obscenam
1253 574 1383 611 tamen

90 633 415 683 significationem
447 636 745 675 transferuntur.
780 637 951 675 Batuere
981 635 1085 681 enim
1115 635 1172 673 sic
1200 636 1385 688 accipitur

88 707 304 750 προβατεύειν
332 705 375 739 ut
409 701 491 740 bini
519 715 589 753 pro
618 712 716 751 βινεῖ.
755 701 830 740 Est
858 705 987 741 autem
1015 708 1166 750 βατεύειν
1189 713 1277 740 cum
1304 714 1384 740 ma-

87 775 150 801 res
193 763 370 803 insiliunt
411 765 576 804 feminas
622 767 680 804 rei
723 766 922 805 Veneriae
965 779 1107 817 causa,
1150 779 1224 817 quo
1265 766 1383 805 verbo

87 826 315 866 Theocritus
343 829 400 878 (1,
430 831 479 867 87
511 831 569 871 cf..
589 830 727 867 Eusth.
756 843 794 880 p.
826 830 914 879 741,
943 830 1017 880 48)
1045 843 1141 868 usus
1177 833 1246 868 est.
1301 829 1378 868 De-

85 903 197 942 psere
225 904 316 931 vero
349 896 406 931 est
424 894 607 944 subigere
637 894 811 933 miscere.
861 894 908 932 Id
935 894 1137 945 perspicue
1166 893 1279 931 docet
1305 893 1382 931 No-

84 955 173 993 nius
219 956 277 1007 (p.
324 957 393 1007 39)
448 958 779 1009 condepsere,
836 958 917 1006 ait,
961 961 1021 996 est
1064 958 1314 996 commiscere
1359 970 1382 996 a

85 1018 236 1056 Gracco
265 1023 442 1058 tractum.
496 1021 696 1060 Homerus
726 1021 901 1073 Odyssea
929 1021 1012 1071 (12,
1042 1021 1112 1072 48)
1143 1027 1248 1072 κηρὸν
1271 1029 1377 1072 δεψή-

85 1099 146 1122 σας
168 1092 339 1134 μελιηδέα.
394 1086 633 1137 Pomponius
671 1086 818 1137 nuptiis
854 1085 914 1137 (fr.
945 1085 1016 1136 86)
1043 1089 1194 1137 partem
1219 1086 1380 1138 insipui,

84 1149 286 1194 conclusi,
336 1150 571 1201 condepsui'.
627 1151 801 1202 Depsere
847 1150 965 1200 igitur
1006 1153 1045 1187 et
1085 1150 1293 1188 honestum
1337 1153 1379 1188 et

84 1213 294 1251 obscenum
336 1227 420 1252 esse
462 1219 602 1266 potest.
657 1215 877 1253 Honestum
916 1217 978 1252 est
1007 1226 1067 1264 ap.
1098 1213 1230 1252 Caton.
1260 1214 1309 1253 de
1337 1227 1378 1253 re

81 1277 229 1315 rustica
257 1291 288 1315 e.
320 1279 371 1317 90
400 1283 438 1316 et
454 1278 635 1329 Varron.‚
657 1279 867 1317 obscenum
895 1291 970 1316 non
999 1278 1223 1327 agnoscitur
1250 1289 1378 1316 exem-

80 1341 166 1391 plis,
196 1342 264 1380 sed
292 1343 357 1380 hic
385 1343 563 1381 sufficere
592 1344 746 1381 videtur
775 1342 974 1381 Ciceronis
1002 1342 1119 1380 locus.
1136 1363 1188 1369 —
1217 1342 1375 1380 Praete-

79 1418 147 1443 rea
188 1405 342 1444 videtur
370 1405 548 1445 Catullus
591 1420 623 1445 c.
653 1407 703 1446 73
734 1407 881 1445 dixisse
908 1405 1039 1457 patrui
1067 1405 1377 1457 perdepsuit

81 1469 209 1519 ipsam
258 1493 307 1498 —
355 1484 529 1519 uxorem,
573 1484 651 1509 non
697 1470 936 1521 perdespuit,
981 1482 1095 1519 quem
1127 1470 1260 1507 locum
1295 1470 1375 1508 Ios.

81 1532 276 1584 Scaliger,
315 1547 463 1572 summo
493 1534 717 1573 adolesceus
746 1533 926 1585 ingenio,
955 1532 1092 1584 dignus
1119 1532 1236 1584 plane
1273 1532 1375 1573 Iulio

77 1594 256 1637 'Caesare
298 1603 410 1649 patre
451 1599 557 1640 filius
604 1598 851 1638 emendavit'.
906 1596 1034 1648 Atque
1077 1597 1175 1635 haec
1217 1600 1258 1635 et
1294 1597 1372 1636 alia

77 1661 289 1702 Manutius.
336 1663 501 1702 Poterat
529 1663 672 1702 addere
693 1662 932 1701 Graecorum
959 1661 1055 1700 illud
1083 1669 1175 1710 δέφω
1199 1669 1375 1711 (δέφομαι)

77 1727 179 1778 quod
225 1728 304 1766 alia
346 1728 613 1767 tantummodo
642 1728 769 1766 forma
797 1728 845 1766 ab
874 1727 1010 1766 eadem
1046 1728 1169 1780 stirpe
1208 1727 1372 1767 deducta

75 1795 158 1841 est,
201 1793 312 1830 cuius
351 1793 531 1830 attulisse
574 1792 796 1842 exemplum
838 1795 897 1829 sat
939 1792 1014 1829 erit
1055 1792 1124 1829 Ar.
1167 1792 1288 1843 equit.
1319 1792 1372 1829 24

73 1855 207 1906 ibique
235 1856 356 1894 schol.

204 1921 349 1970 pipio
388 1922 433 1970 3,
481 1921 529 1958 10
557 1920 605 1957 ad
638 1919 760 1956 solam
790 1918 985 1956 dominam
1016 1931 1141 1969 usque
1170 1918 1371 1969 pipiabat’.

73 1982 135 2020 Ita
180 1984 351 2021 restituit
411 1983 442 2022 I.
475 1983 637 2022 Vossius
681 1995 732 2020 ex
770 1981 914 2021 Veron.
946 1982 1143 2032 scriptura
1183 1982 1371 2033 piplabat.

74 2046 186 2084 Libri
228 2047 349 2085 ceteri
386 2060 473 2085 cum
520 2046 646 2096 editt„
701 2058 781 2084 non
829 2047 993 2096 excepta
1037 2044 1369 2095 Lachmanniana‚

72 2110 354 2162 pipilabat,
383 2111 487 2161 quod
517 2110 700 2160 analogia
729 2113 853 2159 caret,
881 2109 921 2147 id
951 2108 1054 2159 quod
1082 2109 1162 2147 iam
1188 2109 1368 2147 Muretus

73 2174 356 2213 animadvertit.
428 2174 566 2225 Itaque
615 2174 809 2212 Avantius
865 2173 1033 2211 coniecit
1077 2172 1368 2222 pipuhzbat,

71 2237 116 2275 P.
153 2237 352 2276 Manutius
395 2237 693 2289 pippiebat3
736 2236 807 2275 sed
849 2236 985 2275 melius
1027 2235 1161 2287 utique
1202 2234 1367 2274 Vossius

72 2303 182 2341 cuius
212 2303 289 2341 vid.
320 2303 470 2342 observ.
498 2316 532 2354 p.
566 2304 601 2340 9.
659 2301 758 2340 Sunt
787 2305 918 2340 autem
956 2304 1036 2339 tres
1064 2300 1269 2339 verborum
1297 2298 1368 2337 for-

71 2379 159 2405 mae
203 2380 253 2405 ex
295 2367 430 2406 eadem
472 2367 591 2417 stirpe
620 2369 851 2416 generatae:
881 2364 1083 2416 pipiare,
1110 2363 1283 2415 pipire,
1310 2363 1368 2414 pi-

69 2442 195 2483 pare.
255 2429 388 2482 Atque
429 2431 523 2470 illud
565 2431 719 2482 pipiare
761 2429 820 2468 bis
863 2428 982 2467 habet
1010 2428 1275 2468 Tertullianus
1317 2427 1365 2467 de

68 2509 220 2547 monog.
254 2495 303 2535 16
330 2496 499 2534 infantes
525 2496 731 2547 pipiantes,
758 2494 827 2533 ubi
854 2494 950 2532 haec
980 2497 1037 2533 est
1064 2493 1208 2532 Priorii
1249 2492 1366 2531 adno-

69 2561 179 2600 tatio:
229 2560 382 2612 pipiare
411 2559 599 2599 Oscorum
640 2559 772 2610 lingua
809 2558 874 2610 (ef.
902 2558 1011 2597 Fest.
1039 2571 1078 2609 p.
1107 2558 1186 2596 212
1213 2556 1362 2610 pipatio
