1655 2659
692 18 851 86 ...529
895 67 949 75 -

311 160 672 213 nemorivagus
703 162 766 213 63,
796 163 845 200 72
874 162 942 201 ubi
971 174 1086 202 cerva
1115 162 1366 212 silvicultrix,
1396 163 1466 200 ubi

184 237 276 277 aper
304 226 600 276 nemorivagus’.
637 226 841 265 Lucretius
870 227 918 265 ab
938 227 1095 265 Achille
1114 226 1237 268 Statio
1268 240 1465 278 compara-

182 292 247 327 tus
284 288 383 327 dixit
430 289 486 328 lib
527 291 551 327 2
579 290 694 341 (597)
741 296 781 329 et
815 291 967 343 ,pabula
1007 292 1111 329 laeta
1152 315 1205 320 --
1246 292 1465 340 montivago

184 352 318 400 generi
358 354 482 403 possit
525 353 710 403 praebere
756 353 934 391 ferarum.
992 354 1178 392 Eiusdem
1223 354 1466 396 formationis

172 417 273 462 ‘sunt
299 416 549 468 multivagus,
578 418 819 467 noctivagus,
849 418 1098 468 omnivagus,
1126 418 1376 469 pontivagus,
1406 430 1466 455 re·

183 479 377 529 mivagus,
406 480 608 531 solivagus,
637 482 878 532 volgivagus.

281 543 291 546 ’
312 552 349 591 N
358 566 383 605 y
395 554 435 592 si
445 567 568 605 gena
597 556 659 604 64,
689 556 767 595 252
796 560 836 594 at
862 560 974 607 parte
1005 569 1055 595 ex
1082 557 1159 595 alia
1199 558 1341 596 florens
1371 558 1467 596 voli-

186 616 293 655 tabat
333 618 494 656 Iacchus
532 643 583 649 -—
622 632 707 657 cum
748 620 871 658 thiaso
914 620 1138 670 Satyrorum
1179 625 1219 658 et
1259 620 1467 672 Nysigenis

190 677 354 719 Silenis’.
407 680 488 719 Res
516 685 616 720 nota.
651 733 658 736 Δ
759 678 762 683 ’

315 757 476 794 omniv
488 758 594 795 olus
615 757 677 806 68,
702 758 775 796 140
794 771 959 796 noscens
979 759 1164 796 omnivoli
1178 759 1347 809 plurima
1365 759 1469 796 furta

186 817 316 857 Jovis’.
374 819 607 871 Appetentis
649 820 837 874 quidquid
878 825 940 859 est
974 822 1226 860 formosarum
1252 821 1468 872 puellarum

185 886 289 921 recte
317 884 590 935 interpretatur
616 886 797 935 Doering.

313 959 547 1009 pinnipes
577 960 638 1007 55,
669 960 717 996 25
748 972 824 997 non
852 959 984 997 Ladas
1013 971 1085 1006 ego
1114 958 1342 1009 pinnipesve
1371 958 1464 996 Per-

187 1022 299 1059 seus'.
353 1022 558 1072 Pinnipes
595 1024 781 1073 scripsere
823 1023 1097 1061 Lachmannns
1140 1034 1303 1073 eumque
1346 1023 1469 1060 secuti

188 1084 392 1121 novissimi
448 1085 616 1123 editores
665 1086 866 1136 Hauptius
920 1085 1180 1123 Rossbachius
1237 1085 1467 1123 Schwabius

188 1146 400 1186 Muellerus
428 1160 476 1186 ex
517 1148 566 1187 V.
596 1149 661 1199 qui
705 1149 822 1187 habet
862 1150 1186 1200 primipesve3
1226 1149 1470 1200 pennipes

187 1209 236 1247 D.
266 1211 345 1249 Gur
372 1212 538 1250 Perseus
566 1211 715 1251 dicatur
742 1213 920 1264 pinnipes
949 1214 1073 1250 sciunt
1100 1213 1224 1263 pueri.
1253 1235 1306 1242 —

316 1285 491 1325 Eandem
518 1291 556 1326 et
582 1287 853 1326 formationem
881 1291 921 1325 et
949 1287 1265 1337 significationem
1293 1287 1412 1325 habet

318 1359 566 1411 plumipes
606 1362 667 1411 55,
696 1361 747 1401 27
780 1360 879 1399 adde
905 1361 980 1398 huc
1007 1360 1253 1412 plumipedes
1277 1360 1473 1399 volatiles-

191 1421 287 1471 que'.
341 1422 378 1462 V
421 1424 701 1476 plumipedas,
748 1424 850 1476 quod
894 1425 934 1462 in
979 1425 1068 1474 ipsa
1117 1424 1313 1474 scriptoris
1353 1424 1473 1461 verba

190 1486 362 1536 recipere
388 1487 501 1525 veriti
540 1500 617 1525 non
657 1491 745 1525 sunt
795 1487 972 1537 Silligius
1015 1486 1183 1538 Heysius
1227 1485 1469 1525 Schwabius.

191 1549 319 1591 Ceteri
346 1554 452 1591 recte
494 1552 759 1604 probaverunt
801 1552 1039 1603 reliquorum
1081 1551 1190 1590 codd.
1229 1551 1474 1603 scripturam,

190 1626 306 1664 quam
348 1627 421 1664 ego
447 1629 621 1666 ‘quoque
658 1620 811 1653 secutus
839 1627 937 1652 sum.
994 1614 1130 1666 Neque
1158 1614 1262 1652 enim
1290 1614 1474 1665 scriptori

167 1677 339 1730 optimo
380 1680 586 1719 convenire
627 1683 719 1732 puto
761 1679 1071 1719 terminationem
1107 1691 1286 1729 graecam
1312 1678 1355 1716 in
1380 1690 1475 1717 voce

190 1742 324 1780 latina.
366 1766 420 1773 —
446 1744 508 1781 De
536 1743 647 1781 Calai
684 1747 723 1781 et
749 1744 870 1780 Zethe
912 1744 1008 1780 haec
1034 1742 1156 1778 verba
1195 1742 1471 1790 interpretatus

193 1808 251 1842 est
276 1805 454 1843 Muretus
495 1806 605 1844 cuius
647 1806 822 1858 plerique
863 1805 1097 1844 sententiam
1132 1803 1470 1856 amplectebantur.

192 1867 296 1908 Vide
323 1869 421 1908 Ach.
453 1869 569 1908 Statii
595 1870 732 1921 Vulpii
758 1870 961 1920 Doeringii
989 1873 1203 1907 commentt.

320 1934 616 1985 properipes
645 1935 708 1982 63,
729 1934 780 1972 24
801 1933 958 1985 rapidae
986 1933 1121 1971 ducem
1146 1935 1358 1984 sequuntur
1380 1931 1472 1970 Gal-

193 1996 255 2035 lae
281 1997 596 2049 properipedem'.
624 1998 687 2037 Ita
705 2011 756 2036 ex
783 1998 971 2036 librorum
998 1998 1167 2035 lectione
1207 2009 1383 2048 ‘propere
1409 2009 1473 2047 pe·

136 2062 142 2067 “
193 2060 294 2098 dem’
341 2062 547 2100 restituere
599 2062 728 2100 Balth.
770 2061 946 2100 Venator
990 2065 1029 2099 et
1073 2060 1113 2098 Is
1165 2059 1340 2109 Vossius,
1387 2072 1474 2098 cum

192 2124 309 2176 vulgo
348 2138 551 2178 perperam
592 2126 790 2177 legeretur
843 2125 971 2177 pede
1015 2137 1249 2176 propero,
1294 2128 1473 2174 recteque

193 2187 443 2239 Doeringius,
472 2190 538 2240 qui
577 2192 708 2227 tamen
747 2188 788 2226 in
816 2191 996 2226 contextu
1038 2188 1232 2237 vulgatam
1261 2187 1474 2225 lectionem

194 2251 368 2303 exhibet,
415 2253 598 2292 observat
642 2264 776 2292 amare
819 2255 975 2304 poetam
1009 2252 1050 2291 in
1076 2251 1149 2290 hoc
1177 2251 1346 2290 carmine
1374 2251 1476 2290 eius-

194 2316 302 2354 modi
339 2318 565 2368 composita.
596 2317 643 2355 cf.
673 2328 711 2354 v.
740 2318 791 2354 23
830 2316 1008 2366 ederiger
1035 2328 1068 2353 v.
1099 2317 1147 2354 41
1177 2316 1332 2366 sonipes
1358 2327 1394 2353 v.
1422 2316 1470 2353 51

195 2378 352 2430 erifuga
392 2392 429 2419 v.
472 2380 522 2420 72
563 2380 816 2429 silvicultrix;
855 2380 1139 2429 nemorivagus.
1194 2379 1238 2417 cf.
1268 2378 1404 2418 Muell.
1433 2379 1475 2417 in

194 2442 274 2481 ind.
302 2457 358 2494 gr.
387 2457 415 2482 s.
443 2456 478 2482 v.
508 2444 734 2495 composita.
772 2467 825 2473 -
853 2442 1123 2494 Celeripes
1151 2442 1284 2481 dixere
1312 2442 1393 2482 Cic.
1424 2442 1474 2480 ad

49 2486 61 2570 ,ι
197 2505 277 2546 Att.
292 2506 330 2557 9,
353 2508 388 2558 7,
411 2509 444 2546 1.
463 2506 611 2546 Auson.
627 2507 751 2558 epigr.
775 2507 863 2557 137,
882 2507 945 2547 32.
959 2510 1110 2558 parent.
1126 2506 1191 2558 27,
1209 2507 1246 2545 4.
