1655 2659
350 674 478 765 Quod
514 699 694 737 Achilles
721 698 869 737 Statius
898 699 964 749 (ad
994 700 1067 739 Cat
1106 700 1170 748 25,
1183 699 1242 750 ·2)
1270 698 1493 736 observavit

202 785 287 812 esse
325 774 429 826 apud
467 774 686 825 Catullum,
714 787 814 826 quae
842 787 941 813 nova
969 774 1044 813 dici
1072 778 1228 826 possent
1255 774 1359 825 quod
1386 773 1491 825 apud

188 850 302 888 alios
330 862 406 888 non
433 850 716 902 reperirentur,
760 850 801 888 id
836 861 1023 888 verumne
1051 850 1103 888 sit
1131 862 1181 887 an
1220 849 1270 887 ad
1297 849 1490 887 coniectu-

200 939 284 965 ram
321 939 451 976 suam,
489 926 730 977 ‘amaricilla’
768 925 957 965 tuendam
995 938 1018 964 a
1052 926 1135 964 viro
1176 925 1490 976 ingeniosissimo

201 1003 346 1038 temere
373 1000 506 1038 fictum
524 1000 662 1051 perdiu
689 1012 767 1038 non
795 1000 923 1050 magis
952 1012 976 1037 a
1001 1012 1193 1050 quoquam
1212 1000 1491 1051 investigatum

201 1080 261 1115 est
287 1089 404 1127 quam
431 1080 590 1116 rectene
618 1089 660 1115 se
689 1076 831 1116 habeat
858 1076 961 1128 quod
990 1089 1154 1127 magnus
1181 1076 1381 1115 Bentleius
1419 1076 1490 1128 (ad

200 1152 291 1191 Hor.
324 1165 356 1191 c.
383 1152 463 1203 ΠΙ,
491 1151 606 1203 2,]8)
634 1151 859 1202 contendit,
900 1163 985 1190 esse
1023 1151 1124 1203 apud
1157 1151 1364 1190 Horatium
1390 1163 1492 1203 quae

199 1228 277 1266 iam
311 1231 400 1279 post
434 1231 493 1266 tot
528 1228 733 1279 scriptores
771 1227 994 1278 deperditos
1033 1226 1248 1277 singularia
1283 1231 1413 1265 essent
1449 1230 1492 1265 et

199 1303 321 1342 semel
351 1303 523 1342 inventa.
570 1302 622 1343 Et
648 1303 819 1343 Bentleii
839 1302 994 1354 quidem
1014 1302 1325 1342 observationem
1353 1305 1490 1341 nostra

200 1379 353 1418 demum
381 1382 508 1418 aetate
535 1380 578 1419 O.
599 1378 986 1430 Zangemeisterus1)
1013 1378 1207 1429 protraxit
1234 1377 1489 1428 collectisque

198 1455 375 1494 omnibus
412 1455 601 1508 exemplis
635 1455 848 1494 clarissima
888 1455 930 1494 in
963 1455 1049 1494 luce
1098 1454 1330 1504 collocavit3
1370 1452 1489 1493 Statii

197 1531 319 1568 verba
345 1544 505 1582 prorsus
533 1531 661 1569 obruit
688 1531 851 1580 oblivio,
878 1542 1005 1581 neque
1033 1542 1165 1568 eorum
1192 1542 1342 1568 memor
1368 1529 1489 1568 fuisse

198 1604 351 1643 videtur
390 1605 439 1644 L.
481 1604 696 1644 Muellerus
739 1605 808 1657 qui
856 1608 985 1644 tamen
1036 1604 1182 1656 primus
1239 1603 1375 1655 (indie.
1430 1616 1488 1654 gr.

196 1678 239 1716 in
276 1678 360 1717 Cat.
409 1692 528 1717 carm.
574 1693 613 1731 p.
655 1679 751 1730 129)
794 1679 1000 1730 colligendi
1045 1692 1124 1718 non
1170 1679 1295 1718 solum
1341 1678 1487 1718 Catulli

197 1765 332 1791 verum
371 1754 487 1792 etiam
517 1754 663 1792 Tibulli
696 1754 969 1805 Propertiique
1006 1767 1123 1792 voces
1165 1754 1384 1805 singulares
1421 1765 1487 1790 au·

199 1831 281 1867 ctor
327 1828 472 1869 extitit.
527 1829 623 1881 Ipsa
666 1829 741 1868 viri
778 1828 982 1868 clarissimi
1027 1831 1143 1881 atque
1188 1828 1229 1867 in
1276 1829 1349 1868 hoc
1384 1829 1488 1868 litte-
1547 1820 1553 1823 ’

195 1917 323 1942 rarum
368 1916 511 1954 genere
546 1904 663 1942 facile
706 1904 894 1955 principis
929 1903 1049 1942 verba
1095 1915 1297 1954 apponam.
1353 1902 1487 1948 Quan-

195 1981 278 2017 tum
307 1978 357 2017 ad
390 1979 682 2029 grammaticos,
711 1979 850 2031 inquit,
894 1978 1107 2017 dolendum
1141 1990 1234 2018 sane
1262 1978 1366 2030 quod
1394 1991 1488 2018 non-

195 2052 285 2091 dum
314 2053 442 2091 extitit
478 2053 546 2103 qui
575 2061 666 2099 ἅηαξ
687 2063 853 2107 εἰρημένα
893 2053 935 2091 in
976 2052 1087 2091 libris
1123 2054 1355 2104 scriptorum
1391 2066 1486 2104 quos

195 2126 277 2166 dixi
305 2126 442 2167 eadem
469 2128 645 2167 sollertia
663 2130 874 2179 enarraret,
894 2140 972 2180 qua
999 2127 1040 2166 in
1059 2127 1219 2167 Horatii
1247 2127 1486 2167 carminibus

195 2206 356 2242 enotata
383 2207 476 2243 sunt
503 2217 528 2243 a
563 2204 893 2255 Zangemeistero.
948 2203 996 2241 Id
1034 2203 1156 2254 igitur
1193 2207 1237 2242 ut
1273 2204 1482 2255 aliquando

193 2278 350 2317 eveniat
390 2291 623 2331 magnopere
660 2279 828 2318 interest
872 2280 1012 2317 harum
1059 2278 1288 2317 litterarum.
1346 2278 1485 2330 Itaque

193 2354 299 2394 haud
327 2355 505 2395 inutilem
522 2355 648 2395 visum
674 2355 724 2395 iri
753 2367 866 2408 spero
895 2355 996 2394 hanc
1017 2355 1406 2404 commentationem,
1442 2354 1483 2392 in

328 2484 354 2525 ¹)
376 2484 425 2516 De
448 2484 581 2534 Horatii
606 2486 721 2517 verbis
743 2484 976 2526 singularibus
998 2483 1107 2514 Bcrol.
1136 2484 1226 2513 1862.
