1655 2659
685 70 739 78 ....
795 46 820 87 7
875 69 928 77 ....

163 178 261 217 quae
288 165 421 204 eodem
449 167 613 215 possunt
639 163 789 212 referri,
818 167 862 201 ut
887 163 1102 201 locutiones
1129 161 1238 200 illae:
1275 164 1315 199 at
1340 160 1450 208 vobis

162 240 264 278 male
293 240 345 278 sit
381 239 506 277 malae
535 238 718 277 tenebrae
747 239 800 288 (3,
830 236 897 288 13)
924 250 1012 287 non,
1040 237 1222 288 inquam,
1250 234 1345 272 mihi
1371 237 1452 273 tam

163 315 236 353 fuit
280 315 451 364 maligne
477 313 561 365 (10,
595 315 658 363 18)
700 326 776 352 non
817 317 876 351 est
917 313 971 352 mi
1003 312 1132 362 male,
1161 309 1232 349 sed
1274 310 1377 348 bene
1404 322 1451 348 ac

163 389 275 428 beate
317 389 400 439 (14,
442 390 499 427 10.
530 388 584 426 cf.
614 388 678 438 23,
711 387 779 438 15)
813 391 872 426 est
902 387 1035 439 pulcre
1071 386 1146 424 tibi
1174 398 1262 424 cum
1290 388 1355 423 tuo
1383 396 1451 435 pa-

115 452 117 454 *
163 467 269 502 rente
297 463 381 513 (23,
400 464 443 509 5)
471 463 620 511 malest,
650 461 844 510 Cornifici,
873 466 940 500 tuo
969 461 1124 500 Catullo
1153 461 1237 511 (38,
1265 460 1302 511 1)
1329 472 1448 511 quare

162 536 264 587 quod
291 535 439 584 scribis,
459 533 637 572 Veronae
667 537 776 585 turpe
804 533 959 572 Catullo
988 558 1039 563 -—
1069 547 1158 573 esse
1176 534 1260 586 (68,
1280 533 1331 572 27
1352 533 1450 584 sq.);
1499 579 1502 582 Ι

163 616 204 648 at
217 612 369 661 longius
387 611 465 648 ista
482 610 661 660 persequi
674 612 782 647 vetat
797 609 1023 660 scriptionis
1041 609 1154 647 huius
1174 609 1448 648 consilium.—

163 684 301 737 Neque
335 685 475 724 desunt
515 684 756 736 antiquitatis
797 684 965 734 vestigia
1001 684 1041 722 in
1073 683 1219 723 Catulli
1257 692 1448 733 sermone,

162 772 262 811 quae
302 760 436 797 eadem
476 760 597 797 multo
625 759 745 797 etiam
774 762 865 796 sunt
902 758 1167 809 frequentiora
1200 759 1241 796 in
1272 758 1447 796 Lucretii

162 835 272 873 libris
288 865 299 884 ,
340 834 416 873 etsi
455 837 591 873 neuter
636 833 756 872 habet
797 846 856 883 ea,
888 845 986 884 quae
1014 829 1214 872 Ciceronis
1242 832 1447 884 aequalem

163 908 365 947 admisisse
393 908 502 946 nefas
532 908 593 946 sit.
621 908 675 946 Et
701 908 816 945 huius
843 908 900 945 rei
928 907 1029 944 dabo
1059 907 1293 958 exemplum.
1324 906 1367 945 C.
1384 908 1447 956 39,

164 985 187 1021 9
225 984 410 1034 legimus:
435 996 574 1034 ⁴quare
616 982 852 1022 monendum
894 986 972 1021 test
1012 982 1120 1033 mihi,
1158 982 1257 1021 bone
1279 981 1445 1033 Egnati.

163 1057 273 1095 Idem
301 1058 484 1109 loquendi
512 1070 636 1108 genus
664 1057 779 1095 valde
800 1058 988 1095 usitatum
1007 1057 1193 1095 Lucretio
1222 1057 1268 1094 cf.
1288 1056 1444 1106 HoItze,

164 1138 261 1183 synt.
289 1134 447 1171 Lucret.
477 1147 510 1172 c.
538 1133 598 1171 IX
624 1147 663 1184 p.
700 1134 766 1171 135
794 1145 850 1183 sq.
879 1133 947 1170 ubi
985 1133 1116 1170 omnia
1153 1132 1335 1183 exempla
1362 1131 1448 1169 dili-

163 1212 300 1257 genter
329 1207 492 1245 collecta
533 1209 635 1244 sunt.
679 1205 782 1243 Vide
809 1205 929 1243 etiam
955 1206 1063 1243 Brix.
1091 1205 1141 1243 ad
1168 1205 1297 1244 Plauti
1339 1204 1446 1243 Trin.

163 1281 240 1320 869
270 1288 310 1319 et
337 1294 452 1332 quem
481 1281 543 1320 hic
570 1280 704 1319 laudat
731 1280 878 1331 Reisig.
934 1281 1086 1320 Vorles.
1116 1294 1152 1332 p.
1184 1281 1314 1332 766.¹)
1360 1280 1448 1320 Hoc

160 1355 245 1394 loco
287 1355 404 1393 etiam
444 1354 542 1393 illud
583 1355 909 1406 commemorabo,
964 1355 1065 1407 quod
1103 1356 1240 1394 melius
1280 1356 1446 1395 fortasse

162 1444 281 1482 supra
308 1431 537 1482 posuissem,
565 1430 760 1469 Catullum
779 1427 857 1469 non
875 1432 999 1481 magis
1017 1445 1132 1483 quam
1145 1432 1369 1471 Lucretium
1398 1457 1445 1461 —

159 1505 192 1543 si
229 1505 383 1557 quidem
423 1506 665 1544 Laehmanni
693 1518 786 1544 vera
828 1509 889 1544 est
917 1506 1136 1546 observatio
1164 1531 1216 1536 —
1244 1508 1302 1546 uti
1329 1508 1448 1559 parti-

161 1581 249 1618 cula
294 1594 391 1631 quae
432 1585 490 1619 est
533 1584 590 1619 et
635 1581 775 1620 eodem
819 1594 937 1619 sensu
983 1594 1059 1632 quo
1106 1582 1224 1632 vulgo
1266 1581 1448 1621 dicebant

161 1666 182 1691 e
199 1655 344 1692 tiam.
400 1654 453 1692 Et
490 1654 537 1692 de
565 1653 723 1692 Catullo
753 1653 908 1705 quidem
936 1657 1045 1692 extra
1073 1654 1353 1693 dubitationem
1381 1669 1446 1707 po-

159 1729 235 1768 sita
275 1742 340 1768 res
384 1734 463 1780 est;
496 1730 726 1769 Lucretium
753 1741 858 1778 ver0,
898 1742 986 1768 cum
1013 1729 1289 1769 Lachmannus
1316 1732 1446 1771 omnia

161 1805 376 1855 expulisset
411 1805 523 1842 istius
561 1817 653 1842 usus
681 1805 862 1855 exempla
892 1804 999 1855 (vide
1028 1805 1206 1856 inprimis
1236 1805 1367 1856 ipsum
1395 1807 1446 1844 ad

164 1882 197 1930 1,
218 1880 316 1931 830)
343 1880 411 1918 alii
438 1882 482 1917 ut
525 1879 725 1930 Bergkius
771 1878 877 1931 (ann.
921 1880 1018 1931 phil.
1051 1879 1164 1919 1853.
1192 1884 1285 1919 tom.
1316 1880 1378 1920 67.
1406 1895 1442 1934 p.

164 1955 257 2005 137)
285 1968 396 1993 usum
424 1968 510 1994 esse
540 1957 613 1994 hac
640 1956 832 2006 pa1ticula
861 1968 907 1993 eo
934 1968 1010 2006 quo
1028 1956 1110 1993 dixi
1140 1968 1255 1994 sensu
1281 1957 1444 1995 affirma-

157 2034 250 2068 runt
278 2043 406 2081 neque
441 2030 634 2069 dubitavit
660 2030 841 2069 Holtzius
878 2043 926 2069 ea
953 2030 1083 2069 omnia
1109 2043 1210 2079 quae
1238 2031 1444 2070 damnave-

158 2109 219 2142 rat
243 2105 517 2144 Lachmannus
545 2106 725 2157 exempla
755 2110 942 2157 tanquam
968 2106 1091 2157 proba
1117 2106 1216 2144 libro
1245 2119 1316 2144 suo
1342 2107 1443 2148 inse-

154 2192 241 2219 rere
287 2180 338 2232 (c.
382 2179 492 2220 XIV.
520 2194 558 2232 p.
593 2182 666 2220 ‘172
685 2180 771 2233 sq).
802 2180 996 2233 Equidem
1041 2194 1261 2233 quanquam
1308 2181 1442 2221 dubito

157 2251 386 2308 plerumque
425 2257 548 2307 magis
591 2260 722 2295 tamen
759 2257 810 2295 ad
835 2257 1133 2296 Lachmannum
1164 2257 1359 2295 sententia
1386 2257 1442 2296 in-

291 2426 319 2467 ¹)
340 2426 416 2458 Alia
449 2427 508 2458 dat
531 2428 566 2459 C.
591 2429 626 2459 P.
650 2428 808 2460 Schultze
830 2429 865 2460 in
888 2429 1123 2461 dissertatione
1145 2439 1210 2461 sua
1241 2429 1291 2471 ‘de
1313 2429 1442 2461 Catullo

156 2479 358 2513 Graecorum
379 2481 554 2514 imitatore’
575 2483 682 2515 Jenae
705 2483 785 2515 1871
809 2493 841 2525 p.
866 2485 886 2515 6
909 2492 981 2525 sqq.
