1655 2659
729 49 988 89 -30-

345 167 601 205 semhians
647 166 722 215 61,
765 165 844 204 216
885 165 999 204 dulce
1042 165 1168 204 rideat
1195 165 1246 204 ad
1271 168 1424 216 patrem
1452 188 1503 196 ·-

215 231 435 270 semhiante
456 229 630 270 labello’.
677 228 771 268 Sed
798 228 918 268 mihi
937 232 1055 268 ante
1087 227 1124 268 V
1144 228 1244 281 quod
1276 228 1506 280 ingeniosis-

212 295 307 331 sime
336 295 507 331 correxit
534 294 708 342 Scaliger
743 293 830 330 coll.
860 293 960 329 Gen.
987 294 1046 341 19,
1073 294 1126 342 11,
1155 293 1180 329 4
1207 292 1299 329 dum
1325 293 1504 331 semhiul-

213 368 257 394 co
277 356 386 394 savio
415 379 467 384 —-
494 368 623 394 meum
651 355 822 406 puellum
861 350 990 394 savior
1020 354 1067 393 cf.
1096 358 1136 394 et
1161 355 1280 394 Macr.
1316 357 1354 406 2,
1381 356 1418 406 2,
1443 355 1500 395 17.

213 420 365 457 Eodem
393 419 585 457 vocabulo
614 433 706 457 usus
735 423 793 457 est
819 419 937 470 Apul.
965 423 1056 458 met.
1089 421 1148 469 10,
1183 420 1235 458 28
1266 420 1502 458 semhiantes

213 483 341 520 adbuc
384 483 610 533 compressit
650 482 802 531 labias,
851 482 919 520 ubi
947 482 1255 534 Eyssenhardtio
1290 485 1387 520 teste
1416 480 1500 519 cod.

211 546 326 585 Laur.
356 546 409 597 pl.
442 547 504 593 69,
551 547 575 584 2
624 546 832 585 semiantes
877 546 1020 596 habet,
1067 546 1170 597 quod
1202 546 1257 584 nil
1294 549 1354 585 est
1394 546 1500 584 aliud
1552 548 1555 550 ’

211 622 325 660 quam
388 611 622 649 semhiantes
684 610 730 648 cf.
789 611 832 660 5,
877 611 924 648 18
976 610 1044 649 ubi
1096 610 1213 649 Laur.
1260 610 1313 661 pl.
1362 611 1425 660 69,
1476 611 1500 648 2

210 673 397 727 semlante
426 675 460 724 (i
487 677 576 725 post
613 672 796 726 sem1add.
823 687 941 712 manu
969 674 1159 727 secunda)
1188 674 1356 713 semanti
1383 674 1500 714 Laur.

211 740 282 786 29,
325 739 362 778 2.
392 761 445 765 —
474 738 659 775 Ceterum
703 737 963 774 consulendus
1007 738 1055 776 L.
1090 738 1305 776 Muellerus
1358 738 1407 776 de
1453 750 1496 776 re

211 804 319 838 metr.
352 801 430 839 260
460 801 526 851 qui
545 799 788 839 scribendum
808 813 893 839 esse
921 801 1134 839 semhians
1162 814 1240 840 non
1269 801 1499 840 semihians

210 863 355 913 optime
399 863 526 901 docuit
577 864 728 902 collatis
780 864 926 901 talibus
975 864 1108 913 qualia.
1161 868 1251 902 sunt
1297 864 1499 902 semhomi-

210 938 299 963 nem
329 938 521 964 semesum
551 927 820 977 semanimum,
841 939 939 978 quae
960 930 1049 965 sunt
1068 926 1250 965 librorum
1273 927 1498 966 auctoritate

209 993 302 1027 tuta.
553 980 571 993 ⁸

337 1054 636 1091 semilautus
679 1055 741 1104 54,
774 1054 808 1093 ⁹2
836 1054 930 1092 Neri
956 1055 1101 1092 rustica
1131 1055 1338 1093 semilauta
1367 1055 1495 1094 crura'

206 1116 288 1155 vid.
318 1117 434 1168 Vulp.
465 1119 530 1168 qui
565 1119 771 1157 semilauta
807 1119 1084 1169 interpretatur
1111 1120 1212 1157 male
1238 1120 1321 1158 lota
1347 1121 1497 1159 laudat-

206 1191 282 1228 que
330 1179 447 1217 Nonii
494 1181 614 1218 verba
665 1181 721 1230 (p.
759 1182 835 1219 337
881 1194 911 1218 s.
952 1193 987 1218 v.
1016 1182 1196 1231 lautum).
1231 1206 1284 1211 —
1314 1182 1495 1220 Ceterum

203 1242 322 1293 longa
349 1256 421 1282 sua
451 1244 716 1296 disputatione
745 1244 843 1283 nihil
871 1244 1020 1295 proficit
1048 1245 1109 1284 vir
1137 1245 1285 1283 doctus.
1314 1270 1367 1275 —

335 1308 693 1344 semimortuus
729 1309 793 1356 50,
831 1309 876 1344 15
907 1311 947 1345 at
975 1308 1129 1361 defessa
1156 1309 1290 1346 labore
1319 1311 1494 1348 membra

204 1376 408 1424 postquam
450 1397 503 1403 --
545 1373 794 1412 semimortua
834 1373 978 1412 lectulo
1005 1373 1206 1412 iacebant’.
1234 1373 1493 1422 semimortua,

204 1437 244 1474 id
290 1441 348 1475 est
372 1437 621 1487 elanguida,
667 1438 808 1476 inertia
841 1437 1016 1487 adeoque
1045 1438 1234 1476 exhausta
1260 1437 1422 1487 viribus,
1451 1441 1495 1476 ut

204 1500 272 1537 vix
313 1500 479 1551 amplius
506 1500 654 1539 versari
695 1504 863 1551 possent,
903 1503 947 1537 ut
973 1504 1079 1539 recte
1108 1501 1280 1552 explica-t
1309 1500 1494 1552 Doering

204 1587 256 1592 —
285 1563 460 1602 Eandem
486 1577 619 1602 vocem
647 1564 767 1602 habet
789 1564 904 1614 Apul.
934 1568 1027 1602 met.
1053 1565 1088 1614 6,
1117 1566 1166 1602 26
1197 1578 1246 1603 an
1275 1564 1491 1603 custodiam

203 1640 299 1665 anus
328 1628 600 1665 semimortuae
629 1627 677 1666 fo
682 1628 882 1665 midabis?

333 1692 601 1730 semirasus
631 1693 693 1742 59,
732 1693 754 1730 5
785 1692 834 1730 ab
862 1692 1049 1730 semiraso
1078 1692 1305 1731 tunderetur
1333 1692 1489 1730 ustore'.

203 1755 401 1793 semiraso
430 1768 479 1793 ex
498 1757 588 1806 igne
616 1756 891 1806 interpretatur
909 1756 1097 1805 Muretus,
1126 1756 1227 1807 quod
1255 1769 1333 1794 non
1358 1767 1491 1794 verum

202 1831 286 1857 esse
320 1819 510 1857 existimo.
566 1819 691 1857 Immo
722 1831 854 1857 servos
883 1818 1132 1868 bustuarios,
1162 1819 1353 1858 vilissima
1380 1832 1489 1857 man-

203 1871 332 1922 cipia,
374 1871 612 1921 ignominiae
642 1884 759 1910 causa
786 1871 959 1909 sordidos
996 1871 1201 1910 admodum
1230 1876 1346 1923 atque
1378 1873 1491 1910 semi-

199 1948 289 1973 raso
326 1936 467 1986 capillo
495 1936 615 1973 fuisse
641 1936 755 1973 valde
784 1935 985 1985 probabile
1014 1939 1084 1985 est,
1112 1936 1192 1973 vid.
1222 1936 1409 1986 Doering.
1438 1959 1490 1965 —

200 1998 309 2037 Idem
350 2000 581 2037 vocabulum
623 2003 681 2037 est
714 1999 835 2050 Apul.
870 2003 961 2036 met.
991 1999 1029 2048 9,
1071 2000 1117 2037 12
1155 1999 1289 2050 quales
1315 1999 1397 2037 illic
1423 1999 1491 2038 ho-

202 2064 373 2102 munculi
400 2088 453 2093 -
483 2064 665 2116 capillum
699 2064 886 2103 semirasi.

330 2129 647 2167 silvicultrix
689 2129 761 2177 63,
805 2130 853 2167 72
898 2128 965 2166 ubi
1007 2141 1119 2167 cerva
1156 2128 1390 2167 silvicultrix
1422 2129 1489 2167 ubi

200 2206 292 2244 aper
319 2192 612 2242 nemorivagus‘.
631 2217 683 2223 -
702 2192 869 2231 Phaedr.
898 2192 941 2243 2,
978 2193 1015 2241 4,
1046 2193 1069 2232 3
1099 2205 1164 2231 sus
1193 2193 1489 2232 nemoricul-

199 2258 306 2295 trix
333 2257 460 2294 fetum
488 2256 538 2294 ad
567 2257 686 2295 imam
705 2260 901 2307 posuerat,
929 2256 998 2294 ubi
1026 2257 1059 2295 L
1091 2257 1303 2295 Muellerus
1330 2258 1490 2307 scripsit

198 2320 370 2357 nemoris
398 2320 564 2358 cultrix<

325 2384 400 2423 His
430 2384 519 2423 addi
547 2388 708 2435 possunt

326 2448 375 2486 in
388 2448 470 2486 obs
482 2461 529 2486 er
541 2461 595 2486 va
607 2449 631 2486 b
642 2449 730 2487 ilis
762 2450 826 2499 64,
857 2450 931 2488 115
960 2460 1009 2486 ne
1036 2448 1290 2501 labyrintheis
1327 2461 1348 2487 e
1376 2449 1487 2488 flexi-

195 2511 269 2551 bus
300 2512 568 2562 egredientem
587 2536 636 2541 —
658 2513 750 2551 tecti
769 2513 1022 2551 frustraretur
1038 2512 1338 2552 inobservabilis
1357 2512 1488 2553 error’.
