1655 2659
729 40 986 80 —31—

218 181 271 188 —-
310 157 460 198 Eadem
500 170 578 198 vox
619 158 786 196 occurrit
829 171 891 208 ap.
919 158 1019 196 Plin.
1049 158 1084 195 h.
1123 170 1158 195 n.
1190 158 1226 206 2,
1259 157 1305 194 17
1335 156 1423 205 (15)
1455 157 1502 194 77

219 220 389 272 exempli
415 221 539 271 gratia
564 221 605 261 in
630 220 770 260 Martis
803 222 941 272 sidere,
971 221 1079 260 cuius
1116 225 1173 260 est
1199 220 1369 260 maxime
1396 220 1505 259 inob-

159 320 166 327 ,
221 284 425 323 servabilis
454 294 589 322 cursus

277 378 279 380 .
347 347 573 387 noctifer
602 348 664 398 62,
687 348 707 384 7
730 348 912 386 nimirum
942 347 1114 386 Oetaeos
1143 347 1312 386 ostendit
1340 346 1506 385 noctifer

219 411 351 461 ignes’.
406 411 467 450 De
493 411 670 461 Hespero
701 412 844 451 dictum
870 415 912 448 ut
939 410 1046 461 Calp.
1077 412 1150 448 ecl.
1185 412 1300 459 5,121
1343 411 1504 460 frigidus

222 474 387 512 aestivas
414 474 579 526 impellit
607 474 769 512 noctifer
797 475 925 512 horas.
1576 478 1578 480 ’

351 542 426 576 tar
438 538 519 588 dip
534 551 583 576 es
621 540 688 587 36,
720 540 741 576 7
770 539 878 576 vovit
906 540 1050 588 scripta
1077 538 1266 590 tardipedi
1295 538 1367 576 deo
1397 538 1505 575 datu-

219 614 303 651 ram
322 630 333 652 ,
375 601 415 639 id
451 606 523 651 est,
548 601 735 640 Vulcano.
789 601 939 640 Eodem
966 615 1091 651 sensu,
1120 602 1188 654 sed
1217 614 1294 640 non
1323 601 1504 639 adiuncto

218 666 372 711 nomine
413 666 513 716 quod
556 669 618 704 est
663 666 757 704 deus
799 666 948 705 Colum.
1003 679 1065 716 p0.
1098 666 1158 715 10,
1192 667 1268 704 419
1310 664 1504 718 tardipedi

220 728 341 788 sacris
377 728 453 765 iam
489 729 564 766 rite
592 729 744 778 solutis,
772 741 887 779 quam
913 729 1040 766 locum
1068 729 1150 766 iam
1179 728 1324 766 Statius
1353 740 1504 780 compa-

219 792 328 829 ravit.
385 791 493 829 Idem
535 793 768 831 locutionem
805 793 997 842 tardipedi
1038 792 1135 842 deo,
1173 793 1197 831 i.
1226 806 1256 831 e.
1286 792 1366 843 igni
1408 792 1501 829 dare

220 855 393 895 earmina
425 845 648 902 ²inustmit
692 856 756 892 an.
800 855 888 892 Tib.
918 856 948 892 I.
987 856 1043 904 (9,
1078 855 1148 906 49)
1175 856 1290 905 Prop.
1327 855 1396 892 IV.
1434 854 1503 904 (V,

222 918 257 968 7,
288 918 368 969 78).

349 982 409 1019 Ea
448 994 545 1032 quae
576 985 665 1018 sunt
692 983 896 1019 vesaniens
927 986 966 1018 et
995 982 1189 1018 defututus
1218 994 1436 1031 quanquam
1463 982 1504 1018 in

222 1044 494 1083 adieetivorum
536 1057 697 1083 numero
732 1045 949 1083 referuntur
976 1045 1092 1095 vulgo
1121 1044 1260 1082 melius
1289 1044 1378 1096 poni
1406 1045 1504 1082 inter

224 1104 343 1146 verba
371 1108 472 1146 infra
500 1109 712 1158 apparebit.

350 1180 566 1230 Sequuntur
594 1181 671 1218 iam
701 1181 1010 1218 denominativa:

349 1244 644 1295 carpatinus
692 1245 767 1294 98,
815 1247 839 1282 4
886 1245 1008 1295 possis
1046 1269 1097 1274 -—
1126 1246 1232 1284 culos
1261 1249 1300 1283 et
1327 1246 1504 1297 crepidas

220 1307 370 1357 lingere
411 1307 654 1358 carpatinas’.
709 1320 833 1357 genus
872 1307 1004 1344 rustici
1043 1308 1306 1357 calceamenti,
1336 1321 1358 1346 e
1386 1306 1503 1347 crudo

220 1383 267 1409 ac
293 1370 438 1408 recenti
467 1370 573 1409 corio
602 1371 761 1409 confecti
790 1371 958 1422 explicat
985 1371 1159 1422 Doering
1178 1372 1222 1410 cf.
1244 1372 1361 1411 etiam
1388 1373 1502 1412 Voss.

222 1434 370 1471 observ.
407 1446 445 1483 p.
476 1434 565 1473 327.
620 1434 836 1486 Hesychius
867 1448 897 1472 S.
916 1441 961 1474 vV.
999 1446 1215 1489 καρπάτινον·
1239 1446 1394 1489 ἇγροικόν
1425 1445 1504 1478 ὑπό-

221 1501 311 1543 δημα
342 1501 560 1545 μονόδὶρμον,
592 1502 630 1536 et
657 1499 727 1537 sub
753 1512 789 1537 v.
826 1505 1018 1545 καρβατι’νη“
1041 1503 1252 1545 μονόπελμον
1291 1503 1346 1535 καὶ
1378 1502 1504 1536 εὐτελὲς

222 1568 376 1613 ὑπόδημα
400 1570 565 1615 ἄγροικόν·
594 1564 693 1601 Poll.
712 1565 746 1613 7,
767 1564 817 1602 88
848 1574 1033 1616 καρβατίνη
1064 1570 1130 1613 μὲν
1162 1572 1351 1615 ἀγροικικόν
1385 1573 1504 1617 ὑπόδη-

220 1648 279 1678 μα,
296 1634 422 1677 κληθὲν
439 1634 503 1667 ἀπὸ
522 1636 653 1680 Καρῶν.
677 1638 882 1679 Καρβαῑίνη,
898 1638 1095 1680 καρβατίναι
1113 1631 1213 1682 apud
1232 1631 1398 1669 Graecos
1421 1645 1505 1682 pas-

220 1683 293 1720 sim
326 1683 517 1733 leguntur.

350 1746 669 1783 cuniculosus
699 1747 761 1795 37,
785 1747 831 1783 18
861 1747 1110 1785 cuniculosae
1138 1747 1368 1785 Celtiberiae
1395 1749 1504 1786 fili—

222 1806 394 1861 Egnati'.
452 1809 593 1847 citavit
632 1809 734 1846 hunc
761 1822 915 1848 versum
943 1824 1028 1848 cum
1055 1811 1310 1861 praecedente
1337 1812 1504 1849 Priscia-

220 1871 291 1912 nus
320 1873 380 1912 bis
408 1872 456 1923 V,
488 1875 549 1922 77,
578 1873 667 1910 673.
696 1874 741 1912 P.
775 1874 861 1923 188,
893 1875 939 1912 21
979 1873 1028 1912 Η,
1059 1873 1179 1924 ‘unus'
1208 1874 1300 1925 quia
1327 1874 1375 1912 de
1394 1888 1505 1913 voca·
1565 1873 1568 1876 ’

221 1938 301 1975 tivo
355 1937 512 1988 quidam
562 1936 750 1987 dubitant,
803 1936 928 1988 Caper
974 1937 1215 1975 doctissimus
1262 1939 1503 1989 antiquitatis

220 2004 476 2053 perscrutator
517 2001 683 2040 ostendit
724 2002 798 2040 hoc
839 2014 951 2040 usum
993 2001 1189 2040 Catullum
1230 2006 1269 2040 et
1308 2002 1503 2042 Plautum.

222 2065 406 2115 Catullus,
435 2070 476 2104 tu
502 2070 654 2117 praeter
682 2079 813 2104 omnes
840 2079 914 2104 une
943 2066 989 2104 de
1019 2068 1208 2118 capillatis
1225 2092 1275 2097 -—
1295 2067 1506 2106 Celtibero-

222 2143 288 2168 sae
330 2129 560 2168 Celtiberiae
601 2130 667 2168 fili’
709 2134 747 2168 et
787 2130 879 2180 VII,
908 2132 972 2180 22,
1005 2132 1076 2169 741
1109 2132 1155 2170 P.
1186 2132 1275 2181 305,
1307 2133 1350 2169 11
1381 2131 1433 2170 Η.
1462 2135 1505 2169 tu

222 2198 373 2245 praeter
416 2217 465 2222 —
512 2194 578 2233 fili.
635 2194 772 2234 Priore
812 2195 898 2233 loco
931 2207 1074 2244 omnes,
1103 2195 1312 2246 posteriore
1341 2200 1504 2246 excepto

223 2257 403 2296 darmstc.
445 2258 528 2307 (ubi
556 2271 606 2296 ex
638 2258 1065 2298 Catullo'cuniculosae
1098 2259 1338 2309 restitutum)
1367 2259 1505 2296 itidem

222 2334 355 2361 omnes
384 2322 493 2361 codd.
536 2321 798 2361 Celtiberosae
836 2322 1003 2374 habent3
1051 2323 1299 2375 quamobrem
1327 2322 1380 2361 Is.
1409 2322 1504 2362 Vos-

224 2387 303 2424 sius
346 2386 396 2424 ad
422 2387 512 2425 Mel.
551 2400 590 2437 p.
624 2387 703 2426 233
745 2387 811 2437 (cf.
841 2387 987 2426 observ.
1016 2401 1054 2439 p.
1085 2387 1155 2438 92)
1192 2388 1357 2425 coniecit
1384 2386 1504 2426 Celtis

220 2461 379 2501 perosae
435 2449 665 2489 Celtiberiae
713 2450 792 2501 fili,
861 2451 911 2490 ad
959 2452 1177 2490 litterarum
1231 2451 1386 2502 quidem
1435 2451 1504 2489 du-

222 2516 309 2552 ctus
351 2515 444 2553 satis
481 2515 674 2566 speciose,
711 2514 761 2553 ad
798 2516 1030 2554 sententiam
1067 2517 1207 2567 inepte.
1254 2515 1395 2567 Neque.
1410 2527 1504 2554 vero
