1655 2659
674 86 727 92 -
785 62 964 102 10-.

288 177 417 228 Zeph
430 178 554 229 yriti
568 191 585 216 s
617 179 685 228 66,
705 181 755 217 57
776 180 862 231 ipsa
881 174 992 218 suum
1015 179 1236 231 Zephyritis
1253 193 1300 219 eo
1320 181 1446 220 famu-

156 242 235 278 lum
256 242 407 292 legarat
422 265 471 270 -—
489 242 609 280 Graia
630 243 838 294 Uanopieis
859 245 985 282 incola
1004 244 1208 282 litoribus’.
1225 245 1321 282 Erat
1337 245 1447 284 Arsi-

158 318 245 354 noe,
273 304 487 344 Ptolemaei
508 306 759 358 Philadelphi
785 307 963 359 Aegypti
986 308 1088 358 tegis
1109 322 1220 357 uxor,
1262 322 1379 360 quam
1406 311 1446 348 in

156 368 357 420 Zephyrio
383 371 648 420 promunturio
666 371 829 410 Veneris
851 372 1114 424 Zephyritidis
1133 373 1287 411 nomine
1318 374 1447 412 colue-

157 436 247 470 runt
266 434 464 484 Aegyptii.
503 434 639 472 Testes
659 439 749 472 sunt
771 435 905 487 Stoph.
928 436 973 474 Β.
994 450 1024 474 s.
1045 449 1081 474 v.
1108 442 1274 486 Ζεφύριον·
1300 441 1370 474 ἔστι
1392 443 1447 474 καὶ

157 494 241 539 ἄκρα
268 497 324 539 τῆς
348 497 526 537 Αἰγύπτου,
550 494 650 540 ἀφ’ἦς
674 497 696 540 ἢ
715 497 891 542 Ἀφροδίτη
914 500 969 531 καὶ
1003 499 1044 531 Ἀ
1057 514 1075 543 ρ
1089 512 1109 531 σ
1120 513 1131 531 ι
1145 513 1164 530 ν
1176 502 1193 532 ό
1204 513 1225 543 η
1262 504 1307 532 Ζι-
1323 506 1345 540 φ’
1357 514 1375 533 υ
1387 515 1406 545 ρ
1419 505 1448 533 ἲ-

159 563 236 592 τις,
273 553 317 586 ὡς
341 556 566 598 Καλλιζααχος,
590 549 851 590 Callimachus
880 566 940 603 ap.
973 553 1105 591 Athen
1147 555 1181 591 7.
1205 568 1241 605 p.
1267 554 1345 593 318
1367 555 1447 606 (ep.

157 603 194 652 5,
225 605 241 640 l
276 603 351 654 sq.)
388 610 506 650 κόγχος
539 609 620 650 ἰγώ,
659 609 705 641 Ze
721 622 745 651 φ
760 624 777 642 υ
790 625 808 655 ρ
822 614 905 648 ἴτι,
951 611 1162 657 παλαίτιρός,
1196 612 1276 645 ἀλλὰ
1311 612 1351 644 σὺ
1384 614 1447 645 νῦν

155 673 198 702 με
214 680 251 683 -
268 664 299 692 Κ
311 663 327 693 ὑ
340 675 363 694 π
376 677 394 705 ρ
408 676 436 701 ι,
461 664 650 706 Σεληναίης
673 662 810 707 ἄνθεμα
834 667 965 709 πρῶτον
989 666 1076 705 ἔχεις
1099 679 1127 699 κ.
1143 677 1170 698 τ.
1184 668 1211 698 λ.
1235 663 1279 700 cf.
1295 675 1332 700 V.
1351 663 1371 700 7
1389 674 1446 712 sq.

156 719 192 751 ἔκ
216 720 364 753 ι’ἕπεσον
387 721 478 766 παρὰ
501 726 603 755 θῖνας
622 725 782 762 Ιουλίδας,
806 722 895 767 ὄφρα
917 728 1066 767 γίνωμαι
1089 743 1125 747 -
1147 728 1203 756 σοί
1229 735 1258 756 τε
1296 726 1448 768 περίσκε-

156 790 240 811 πτον
257 783 427 821 παίγνιον,
439 781 477 814 Ἀ
489 795 508 826 ρ
520 793 541 812 σ
552 794 563 813 ι
575 783 646 824 νόη,
668 777 902 828 posidippus
932 790 980 828 ap
1017 777 1158 815 Athen.
1174 778 1199 814 l.
1214 778 1238 815 Ῑ.
1265 777 1328 827 (cf.
1346 777 1448 814 Ana-

156 840 258 878 lecta
286 845 380 879 vett.
418 846 524 892 poett
539 842 605 880 Gr.
637 842 824 879 Brunckii
852 842 961 880 XXI.
990 846 1080 879 tom.
1112 842 1161 879 Π.
1190 855 1226 892 Ρ,
1257 842 1327 891 51)
1356 848 1447 878 τοῦτο

155 903 211 934 καὶ
242 903 279 935 ἕν
303 906 412 949 πόντῳ
435 907 489 937 καὶ
513 906 565 938 ἐπὶ
586 907 690 946 χθονὶ
716 908 773 949 τῆς
797 908 995 946 φιλαδέλφου
1020 926 1058 930 -
1086 909 1252 952 Κύπριδος
1275 909 1446 939 finitum-'l’

156 962 248 1007 ἱερὸν
267 963 445 1009 Ἀρσινόης
477 961 523 999 cf.
552 961 670 999 etiam
700 961 800 999 Plin.
820 961 858 999 h.
879 975 916 998 n.
938 962 1002 1010 34,
1025 963 1072 999 14
1091 961 1209 1012 (142)
1231 962 1327 1001 148:
1367 962 1447 1000 Ma-

156 1027 272 1073 gnete
301 1025 432 1076 lapide
453 1025 686 1062 architectus
707 1025 955 1063 Timochares
975 1025 1240 1064 Alexandriae
1260 1025 1447 1064 Arsinoes
1479 1026 1486 1030 ”

156 1089 345 1139 templum
376 1102 648 1127 concamarare
678 1090 939 1137 inchoaverat,
967 1093 1010 1127 ut
1028 1090 1068 1127 in
1089 1103 1134 1128 eo
1155 1090 1403 1127 simulacrum
1424 1103 1445 1128 e

153 1152 254 1190 ferro
282 1152 455 1203 pendere
483 1165 571 1190 aere
600 1152 811 1190 videretur.
867 1151 1092 1190 Intercessit
1127 1153 1247 1204 ipsius
1276 1165 1378 1190 mors
1407 1157 1446 1191 et

156 1216 372 1254 Ptolemaei
406 1216 519 1266 regis,
555 1216 622 1267 qui
655 1215 695 1254 id
728 1215 854 1254 sorori
887 1229 979 1254 suae
1011 1216 1176 1254 iusserat
1193 1216 1300 1255 fieri.'
1344 1216 1445 1256 Vide

155 1279 272 1316 etiam
301 1280 423 1330 intpp.
453 1279 502 1317 ad
523 1279 669 1317 Catulli
696 1280 835 1328 locum,
864 1280 1042 1330 inprimis
1061 1279 1258 1318 Achillem
1280 1279 1445 1318 Statium

155 1347 195 1382 et
223 1343 278 1383 Js.
299 1343 496 1394 Vossium,
526 1343 665 1396 quibus
686 1343 866 1382 addenda
896 1343 1008 1382 docta
1034 1343 1231 1383 adnotatio
1251 1344 1292 1382 in
1311 1344 1448 1383 Hertz-

155 1408 281 1458 bergii
310 1413 350 1445 ct
379 1408 562 1446 Teuffelii
590 1409 792 1458 interpret.
822 1420 941 1457 germ.
972 1421 1009 1458 p.
1035 1409 1122 1457 140,
1150 1409 1217 1445 ubi
1246 1409 1446 1458 ingeniose

155 1471 322 1521 quidem,
352 1470 419 1508 sed
449 1471 576 1508 minus
606 1471 768 1509 feliciter
798 1484 834 1509 v.
859 1472 908 1509 54
941 1471 1143 1521 vulgatum
1172 1471 1268 1509 illud
1298 1471 1445 1509 Ohlo-

155 1535 292 1573 ridos
335 1539 470 1572 contra
512 1535 735 1573 Bentleium
765 1535 983 1572 defenditur
1020 1535 1221 1573 verissime
1263 1548 1448 1585 reponen-

154 1603 232 1637 tem
261 1598 506 1637 Locridos
535 1598 778 1649 (elocridicos
807 1599 886 1648 V).

284 1662 535 1714 Appellativa
564 1654 705 1712 graeca
735 1663 837 1713 apud
869 1663 993 1700 solum
1023 1663 1121 1701 Catu
1140 1662 1219 1699 lum
1248 1662 1450 1706 inveniun-

155 1731 217 1764 tur
244 1729 361 1765 haec:
548 1770 551 1773 .
1253 1775 1255 1777 ‚

300 1803 671 1843 mnemosynum
728 1791 788 1841 12,
834 1791 879 1828 ’13
928 1792 1100 1829 verumst
1153 1802 1445 1841 mnemosynum

156 1857 232 1894 mei
260 1856 432 1893 sodalis!
475 1868 588 1893 nemo
618 1855 744 1892 sinum
773 1855 817 1892 V.
849 1854 993 1891 Munus
1025 1854 1124 1903 quod
1163 1855 1275 1891 amic-i
1305 1867 1447 1891 memo-

156 1919 253 1957 riam
294 1919 476 1958 refricare
517 1919 644 1957 valeat
689 1921 792 1956 recte
834 1918 1112 1968 interpretatur
1153 1917 1330 1968 Vulpius,
1380 1917 1446 1968 qui

157 1987 246 2033 apte
281 1983 394 2020 affert
435 1983 537 2020 illud
564 1982 733 2032 Vergilii
760 1981 848 2019 Aen
893 1983 928 2030 5,
958 1981 1034 2019 33ss
1066 1994 1145 2031 sqq.
1175 1985 1337 2030 ‘cratera
1377 1981 1445 2018 im-

155 2060 329 2098 pressum
373 2046 494 2097 signis
538 2059 653 2097 quem
683 2045 875 2084 Thracius
915 2044 1010 2082 olim
1041 2069 1091 2073 —
1120 2043 1315 2082 Anchisae
1342 2043 1446 2094 geni·

154 2112 228 2150 tori
269 2112 307 2149 in
340 2124 481 2161 magno
510 2123 669 2148 munere
699 2110 857 2148 Cisseus
886 2133 934 2137 -
964 2109 1065 2147 ferre
1094 2108 1154 2146 sui
1182 2108 1341 2146 dederat
1366 2120 1446 2145 mo-

155 2179 381 2213 numentum
424 2178 464 2212 et
500 2175 641 2224 pignus
669 2173 825 2211 amoris’
865 2173 932 2210 ubi
960 2176 1253 2210 monumentum
1282 2171 1444 2209 eandem

155 2239 276 2276 habet
325 2239 415 2275 vim.
460 2238 602 2275 Graeci
654 2237 787 2275 eodem
830 2249 945 2275 sensu
989 2236 1122 2274 dicunt
1157 2242 1376 2284 μνημόσυνον
1408 2238 1452 2273 et‘

183 2315 203 2333 1¹
228 2314 369 2345 ,uoo'va‘a-

155 2315 180 2344 μ
207 2314 226 2345 ²7
285 2356 585 2407 parthenice
615 2356 678 2404 61,
702 2356 776 2392 190
796 2355 887 2393 alba
906 2354 1134 2406 parthenice
1161 2353 1267 2392 velut
1286 2353 1447 2391 luteum·

154 2432 201 2458 vc
230 2419 426 2470 papaver'.
484 2419 650 2464 Quinam
684 2418 965 2468 intellegendus
1003 2419 1054 2457 sit
1087 2419 1157 2457 flos
1189 2430 1346 2469 prorsus
1379 2429 1446 2455 ne-

157 2483 296 2533 scitur,
338 2483 379 2521 id
421 2486 571 2520 tantum
613 2482 708 2520 satis
754 2481 955 2533 probabile
985 2485 1047 2520 est
1081 2481 1185 2520 idem
1213 2481 1344 2520 valere
1372 2480 1445 2518 hoc

154 2559 298 2586 nomen
341 2547 444 2598 quod
486 2547 582 2586 alibi
625 2550 665 2586 et
707 2546 809 2598 apud
848 2546 1014 2586 Latinos
1057 2550 1096 2586 et
1137 2546 1241 2598 apud
1271 2545 1444 2585 Graecos
