1655 2659
696 73 954 114 ..32—

182 192 345 231 dubium
387 195 446 230 est
480 192 574 243 quin
616 194 655 230 et
695 191 737 229 id
779 190 882 242 quod
909 190 1141 242 sequebatur
1169 190 1403 231 Celtiberiae
1430 196 1470 231 et

179 269 257 294 vox
292 255 471 294 inaudita
510 255 678 293 librariis
721 254 921 292 effecerint
957 258 1000 292 ut
1031 259 1340 305 corrumperetur
1377 268 1470 294 vera

180 320 385 370 scriptura.
440 317 570 369 Atque
613 329 699 355 eam
734 317 836 355 bene
864 318 943 355 iam
972 317 1145 355 defendit
1173 316 1315 369 Spanh.
1345 318 1394 357 de
1420 318 1469 358 V.
1525 355 1529 359 ,

181 387 222 420 et
250 384 315 421 Pr.
346 394 450 420 num.
480 381 571 419 diss.
600 380 659 419 IV
686 394 723 430 p.
759 381 832 419 179
862 393 911 418 ex
938 393 1093 418 nummo
1121 381 1189 419 ubi
1217 381 1355 420 sedens
1383 395 1468 420 cum

179 447 289 484 oleae
330 458 437 482 ramo
478 445 617 481 mulier
652 447 690 480 et
718 443 874 481 adstans
904 444 1126 493 cuniculus,
1178 445 1371 495 peculiare
1399 445 1469 483 Hi-

180 510 342 560 spaniae
373 510 535 559 insigne,
564 508 802 546 exhibentur.
831 505 934 546 Vide
962 508 1146 558 Doering.

307 582 686 620 harundinosus
715 582 787 630 36,
821 581 868 619 13
897 593 1071 631 quaeque
1098 581 1261 620 Ancona
1290 582 1469 620 Cnidum-

179 659 252 698 que
289 645 594 684 harundinosam
629 668 680 674 ——
710 645 827 683 colis’.
885 644 1035 684 Cnidon
1063 649 1306 696 praestantes
1332 647 1468 686 tulisse

177 710 413 748 harundines
455 710 564 747 testis
608 713 667 747 est
708 710 810 747 Plin.
839 709 878 746 h.
907 723 946 747 n.
979 710 1040 759 16,
1070 711 1119 747 36
1154 710 1244 762 (64)
1282 712 1353 749 157
1382 724 1469 762 pro-

178 774 349 812 batiores
377 777 508 811 tamen
538 773 612 823 (sc.
640 772 899 823 harundines)
937 771 1105 811 Cnidii
1143 777 1184 811 et
1212 775 1346 825 quixin
1370 774 1469 813 Asia

178 838 281 875 circa
320 837 551 876 Anaeticum
592 837 717 874 lacum
760 839 983 873 nascuntur.
1041 835 1185 875 Statius
1227 839 1466 889 comparavit

176 901 291 938 Ovid.
347 901 505 938 Metam.
539 900 587 938 10
618 900 715 949 (529
756 900 861 949 sqq.)
891 903 1005 950 capta
1031 900 1106 938 viri
1133 900 1257 939 forma
1283 914 1360 939 non
1387 902 1466 939 iam

176 963 383 1014 Cythereia
403 967 512 1000 curat
528 985 578 990 -
598 964 723 1012 litora,
758 976 835 1000 non
861 964 938 1000 alto
958 965 1096 1014 repetit
1115 965 1275 1015 Paphon
1296 977 1465 1015 aequore

175 1027 342 1064 cinctam
371 1049 421 1055 —
450 1028 805 1078 piscosamque
845 1026 1037 1065 Cnidon
1067 1028 1318 1077 gravidamve
1345 1027 1464 1066 Ama-

180 1090 319 1127 thunta
346 1090 540 1127 metallis’.

303 1164 625 1215 imaginosus
654 1164 718 1214 41,
739 1165 772 1202 8.
794 1177 866 1203 nec
894 1168 1032 1215 rogate
1061 1188 1111 1193 —
1133 1166 1257 1216 qualis
1276 1165 1344 1214 sit3
1364 1165 1465 1203 solet

174 1241 261 1266 esse
291 1229 532 1278 imaginosa'.
562 1229 624 1265 Ita
652 1228 875 1266 emendavit
903 1229 1147 1278 Schwabius3
1173 1229 1264 1266 libri
1287 1232 1463 1279 corrupte

172 1292 270 1330 solet
316 1294 354 1330 et
398 1291 668 1341 imaginosum,
704 1291 744 1329 in
772 1304 847 1341 quo
877 1294 945 1329 aut
975 1290 1218 1330 emandando
1246 1294 1316 1330 aut
1344 1291 1464 1342 expli-

175 1356 298 1392 cando
327 1367 414 1392 sese
451 1355 547 1392 mire
574 1354 810 1405 torquebant
836 1355 1078 1405 interpretes.
1136 1354 1310 1398 Quorum
1352 1354 1464 1392 innu-

174 1418 381 1456 merabiles
422 1417 502 1456 fere
544 1418 782 1455 coniecturas
825 1430 910 1455 cum
953 1431 1029 1456 non
1071 1418 1112 1456 in
1140 1418 1269 1455 animo
1297 1417 1463 1456 habeam

175 1482 238 1519 hic
279 1483 354 1519 loci
392 1482 567 1531 proferre
596 1482 661 1531 qui
689 1493 922 1530 cognoscere
949 1482 1045 1518 velit
1073 1481 1187 1518 adeat
1214 1481 1462 1518 Schwabium

173 1545 236 1583 vel
263 1544 467 1595 Ellisium3
495 1556 566 1594 ego
586 1544 659 1582 hoc
677 1547 828 1582 tantum
847 1543 933 1581 dico
950 1544 1046 1582 mihi
1064 1543 1189 1582 videri
1208 1536 1463 1595 imaginosam

175 1610 303 1647 vocari
351 1622 374 1646 a
401 1607 553 1647 Catullo
600 1620 687 1651 eam
733 1620 834 1658 quae
881 1608 1001 1645 soleat
1041 1608 1166 1646 multa
1204 1607 1279 1646 sibi
1315 1607 1461 1658 fingere

172 1673 315 1721 animo,
343 1675 386 1709 ut
413 1671 536 1708 nostri
564 1671 672 1708 aiunt
701 1671 976 1721 ‘eingebildetss
1019 1671 1072 1709 Et
1098 1671 1215 1708 simili
1242 1670 1355 1708 modo
1383 1670 1463 1708 iam

170 1735 405 1785 Doeringius
445 1735 722 1786 interpretatus
766 1738 823 1773 est
864 1735 941 1773 etsi
982 1735 1179 1773 aberravit
1219 1734 1287 1773 ille
1316 1747 1339 1773 a
1367 1747 1462 1773 vera

170 1798 452 1837 emendationis
480 1799 581 1836 viae.

298 1872 605 1923 Libystinus
649 1874 721 1921 60,
767 1874 784 1910 1
816 1886 908 1910 num
937 1876 975 1910 te
1002 1873 1142 1911 leaena
1168 1873 1367 1911 montibus
1396 1873 1463 1911 Li-

169 1937 337 1988 bystinis
359 1958 408 1964 —
430 1936 679 1986 procreavit?
710 1935 770 1973 Ita
799 1939 903 1974 recte
932 1935 1152 1985 Scaligerus
1179 1948 1248 1987 pro
1275 1936 1462 1974 librorum

167 2000 331 2038 lectione
386 1999 617 2050 Libyssinis.
698 1999 757 2038 Of.
804 1999 851 2037 O.
900 1999 1046 2037 Keller.
1104 2012 1190 2038 ann.
1246 2000 1341 2051 phil.
1386 1999 1460 2038 ΙΠ.

168 2063 303 2115 Suppl.
342 2063 386 2101 B.
418 2076 455 2114 p.
486 2064 563 2103 353
605 2077 662 2115 sq.
692 2064 760 2114 qui
806 2064 845 2102 in
882 2063 1019 2101 Babrii
1059 2064 1253 2114 prooemio
1290 2062 1460 2102 secundo

164 2140 201 2166 V.
232 2128 255 2166 5
285 2150 337 2157 —
365 2131 439 2165 εἷπε
471 2133 527 2165 καὶ
557 2137 757 2176 Λιβυστῖνος
789 2126 904 2178 (coni.
942 2125 1234 2178 Schneidewin)
1262 2150 1315 2157 —
1343 2134 1461 2176 λόγους

168 2201 337 2242 Κιβύσσης
361 2217 400 2222 -
429 2195 533 2231 recte
556 2192 730 2230 defendit
764 2192 861 2230 illud
897 2201 1098 2240 Λιβυστῑνος
1130 2195 1265 2230 contra
1294 2191 1461 2231 Hartun-

164 2258 271 2307 gium
300 2257 384 2295 coll.
416 2255 549 2306 Steph.
576 2255 623 2292 B.
654 2268 684 2293 s.
714 2268 750 2294 v.
775 2265 891 2304 Λίβυς·
924 2262 961 2294 τὸ
994 2261 1133 2295 ε’θνικόν
1154 2264 1272 2304 Λίβυς,
1294 2265 1459 2305 Λίβυσσα,

163 2323 262 2361 Λίβυ,
287 2320 439 2361 Λιβυκός,
462 2319 494 2361 ἠ
515 2318 571 2350 καὶ
595 2319 786 2359 Λιβῦσῑιον,
810 2318 854 2351 ὥς·
876 2318 944 2352 ἀπὸ
965 2320 1022 2351 τοῦ
1039 2322 1202 2361 Λίβυστος
1230 2321 1287 2357 τοῦ
1315 2316 1381 2350 ἀπὸ
1403 2318 1459 2351 τοῦ

164 2375 288 2413 Λίβυος
319 2370 414 2405 ὄντος
436 2371 520 2405 κατὰ
543 2374 770 2415 πλεονασμόν·
791 2374 847 2405 καὶ
862 2373 1074 2415 Λιβυστικόν,
1106 2373 1162 2405 καὶ
1179 2375 1382 2414 Λιβυστῖνος·
1403 2371 1459 2405 καὶ

163 2427 361 2467 Λιβυστίνη·
384 2424 440 2457 καὶ
460 2423 645 2464 Λιβυστιάς·
672 2425 728 2456 καὶ
750 2425 910 2466 Λιβυστὶς
936 2425 991 2457 καὶ
1014 2426 1204 2466 Λιβυσσαία
1227 2423 1293 2457 ἀπὸ
1315 2424 1373 2456 τοῦ
1392 2425 1459 2456 Λί-

162 2491 290 2528 βυσσας
311 2477 479 2518 Macrob.
491 2476 570 2516 Sat.
587 2479 620 2528 1,
641 2479 700 2529 17,
722 2479 773 2518 24
781 2479 921 2531 Apollo
935 2478 1164 2530 Libystinus
1182 2477 1286 2531 apud
1302 2477 1457 2517 Siculos

161 2542 209 2582 cf.
225 2544 344 2582 etiam
357 2552 506 2594 Χαρῖνος
518 2556 590 2595 pro
606 2554 653 2581 eo
668 2542 770 2594 quod
781 2543 900 2593 vulgo
915 2542 1054 2581 dicitur
1069 2547 1214 2594 Καρικός
1227 2542 1326 2583 Poll.
1341 2542 1379 2592 5,
1393 2540 1458 2581 37.
