1655 2659
754 38 1012 81 —35—

381 158 612 198 ecfutuo
660 159 696 209 6,
747 160 794 198 13
841 159 933 197 eur?
1001 170 1080 196 non
1126 161 1208 196 tam
1252 157 1380 195 latera
1425 156 1528 196 ecfu-

241 226 326 262 tuta
373 224 433 276 (et
468 224 598 263 futura
626 223 682 276 V)
718 224 867 276 pandas
896 248 948 254 —
975 223 1017 262 ni
1059 226 1100 261 tu
1143 222 1238 274 quid
1283 222 1406 260 facias
1446 221 1528 260 ine-

240 289 419 341 ptiarum'
463 290 537 328 hac
579 290 663 329 sola
709 289 834 328 forma
891 289 1003 328 nobis
1057 292 1149 327 nota
1205 291 1309 327 esset
1362 287 1529 339 ideoque

160 369 166 377 ·
240 356 422 404 tanquam
460 354 694 392 adiectivum
731 357 775 392 ut
810 354 850 392 id
878 354 979 404 quod
1008 357 1067 391 est
1094 352 1294 391 defututus
1322 352 1364 390 in
1391 351 1528 390 lexicis

241 417 510 469 exhiberetur,
551 419 633 458 nisi
679 432 780 457 unus
808 422 957 458 extaret
985 417 1162 457 Suetonii
1190 418 1298 456 locus
1332 415 1445 455 Caes.
1475 416 1524 464 51

239 494 287 520 ne
332 483 631 533 provincialibus
671 482 830 533 quidem
872 482 1128 522 matrimoniis
1180 481 1417 519 abstinuisse
1463 479 1529 519 vel

239 546 312 586 hoc
357 546 520 586 disticho
567 550 730 599 apparet
784 547 925 586 iactato
972 559 1095 598 aeque
1141 559 1165 585 a
1208 545 1400 584 militibus
1455 557 1528 597 per

243 611 438 651 Gallicum
482 612 744 664 triumphum:
799 612 975 661 Urbani,
1019 615 1170 650 servate
1211 623 1374 661 uxores,
1423 623 1528 651 moe-

239 675 352 714 chum
380 676 535 714 calvom
565 676 804 714 adducimus.
832 699 885 705 —
914 688 1050 714 aurum
1092 676 1130 713 in
1174 674 1305 713 Gallia
1332 675 1528 714 ecfutu-

237 738 350 790 isti,
379 739 443 778 hic
478 740 677 793 sumpsisti
707 744 892 780 mutuom.
921 764 975 770 —
1004 739 1140 779 Simile
1169 739 1264 792 quid
1291 740 1394 779 infra
1419 738 1526 780 vide·

236 802 373 842 bimus.
402 828 455 834 —
728 798 736 804 ’
1188 804 1190 806 ’

366 889 574 938 expatro
608 886 671 935 29,
705 886 752 924 16
780 898 917 938 parum
945 886 1162 937 expatravit
1189 899 1239 925 an
1265 898 1401 938 parum
1420 887 1524 927 elua-

238 953 300 989 tus
330 951 418 988 est?
475 950 655 989 Glossae:
698 950 937 1001 expatravit:
975 955 1181 989 ἐπετέλεσεν,
1238 950 1439 995 Quaenam
1467 952 1524 990 in-

237 1014 463 1065 tellegenda
504 1015 554 1053 sit
595 1015 871 1053 consummatio
913 1015 1050 1053 docent
1077 1015 1318 1066 interpretes,
1344 1016 1523 1067 inprimis

235 1076 311 1117 Ios.
369 1077 591 1130 Scaligerus
629 1079 737 1117 cuius
765 1078 856 1117 vide
885 1080 1213 1118 commentarium.
1265 1079 1523 1119 Libidini-

235 1142 322 1181 bus
351 1143 622 1194 absumpsit
649 1144 730 1182 iam
756 1144 931 1182 Muretus
962 1148 1064 1183 recte
1094 1144 1319 1195 explicavit.

362 1223 549 1274 frigere
595 1224 671 1275 61,
719 1225 769 1263 30
809 1224 978 1277 nympha
1019 1237 1114 1276 quos
1156 1238 1270 1277 super
1297 1225 1442 1277 inrigat
1470 1248 1519 1255 —

234 1288 428 1339 frigerans
456 1288 690 1340 Aganippe’.
720 1289 872 1328 Eodem
899 1290 1015 1328 verbo
1043 1302 1135 1328 usus
1164 1294 1225 1328 est
1254 1290 1356 1328 Cael.
1388 1289 1522 1337 Aurel,

234 1354 337 1389 aeut.
366 1353 389 1390 3
405 1381 415 1401 ,
459 1353 501 1390 2¹
521 1381 531 1400 ,
576 1353 653 1391 208
680 1352 839 1392 Diocles
882 1375 932 1382 —-
971 1353 1211 1404 frigerandos
1239 1353 1366 1405 inquit
1394 1352 1522 1392 chole-

232 1415 332 1454 ricos
361 1415 406 1467 (i.
435 1428 469 1456 e.
492 1416 643 1467 frigore
669 1417 909 1467 reficiendos,
935 1417 1192 1468 recreandos).
1218 1441 1271 1447 —
1299 1418 1522 1469 Composita

232 1478 346 1518 huius
373 1480 483 1519 verbi
512 1485 604 1519 sunt
630 1470 1126 1533 perfrigero‘Scribon.
1148 1483 1239 1521 271.
1260 1482 1519 1534 refrigero

235 1555 297 1595 ap.
319 1542 414 1591 cie„
443 1544 559 1595 Cels„
589 1546 753 1597 colum,
782 1546 930 1598 Quint„
960 1548 1073 1587 alios.

358 1620 526 1660 hiulco
557 1623 607 1660 68
623 1652 633 1672 ,
677 1624 727 1661 62
756 1635 844 1662 cum
872 1624 1000 1674 gravis
1030 1613 1184 1662 exustos
1213 1627 1342 1662 aestus
1369 1622 1521 1662 hiulcat

231 1684 369 1735 agros'.
425 1685 606 1725 Glossae:
650 1687 779 1727 hiulco
818 1697 922 1735 σχίζω
943 1697 1021 1739 γῆν,
1045 1695 1216 1733 αὖλακίζω.
1276 1687 1388 1727 Idem
1433 1699 1519 1726 ver-

229 1746 324 1787 bum
358 1748 477 1789 habet
503 1751 669 1792 Venant.
699 1753 736 1804 6,
771 1754 831 1804 12,
860 1755 883 1792 6
913 1758 952 1794 et
979 1767 1049 1806 per
1077 1754 1272 1794 hiulcatos
1299 1752 1424 1791 fervor
1452 1764 1519 1790 an-

228 1811 337 1851 helat
369 1826 495 1864 agros.

355 1900 601 1953 perdepso
632 1904 694 1953 74,
724 1905 747 1942 3
775 1905 849 1943 hoc
877 1917 926 1943 ne
953 1904 1028 1955 ipsi
1057 1903 1250 1943 accideret
1276 1901 1408 1953 patrui
1428 1913 1515 1952 per-

229 1961 386 2014 depsuit
431 1966 557 2017 ipsam
603 1992 656 1997 —
700 1968 886 2007 uxorem’.
956 1968 1186 2020 Perdepsuit
1231 1965 1419 2016 Scaligeri
1456 1969 1517 2003 est

229 2028 451 2069 emendatio
474 2031 540 2082 (cf.
564 2031 735 2072 Turnebi
756 2033 839 2073 adv.
865 2034 927 2084 21,
951 2034 1030 2086 17).
1059 2033 1173 2073 Lib=i
1200 2030 1516 2084 perdespuit,

228 2092 330 2142 quod
355 2094 412 2131 ita
439 2096 608 2146 explicat
635 2097 825 2135 Muretus:
855 2110 942 2135 cum
970 2110 1057 2134 eam
1083 2098 1189 2148 prius
1217 2096 1408 2133 adulterio
1428 2106 1515 2132 con-

225 2156 451 2197 taminasset
487 2163 623 2211 postea
658 2162 833 2213 neglexit
868 2162 1055 2214 reicitque
1098 2175 1121 2201 a
1164 2174 1207 2201 se
1244 2163 1285 2199 et
1310 2158 1514 2198 libidinem

227 2234 338 2260 suam
365 2222 406 2261 in
433 2224 561 2275 ipsum
587 2229 784 2278 patruum,
814 2228 897 2266 eius
924 2228 1121 2277 maritum,
1151 2224 1323 2265 contulit’
1390 2223 1515 2276 Atqui

223 2284 323 2323 illud
349 2287 570 2340 perdespuo
598 2302 725 2342 neque
753 2292 922 2330 sermoni
947 2293 1070 2330 latino
1100 2289 1283 2329 convenit
1307 2300 1379 2327 nee
1397 2288 1513 2327 huius

223 2349 304 2388 loci
330 2352 561 2404 sententiae,
581 2367 669 2393 cum
696 2354 738 2394 id
764 2356 902 2408 ipsum,
929 2357 970 2395 in
999 2369 1073 2408 quo
1103 2354 1219 2394 cardo
1247 2353 1306 2392 rei
1332 2352 1510 2402 vertitur,

223 2413 265 2451 id
295 2416 353 2453 est
380 2419 555 2466 stuprum
584 2430 669 2456 cum
698 2420 828 2469 patrui
856 2433 979 2458 uxore
1007 2420 1239 2467 admissum,
1281 2428 1332 2454 ne
1349 2415 1510 2454 minime

223 2477 377 2529 quidem
405 2484 509 2520 esset
536 2482 817 2536 significatum3
835 2489 987 2537 poterat
1006 2485 1109 2525 enim
1129 2482 1283 2523 Gellius
1303 2479 1511 2531 neglegere

221 2543 350 2596 patrui
377 2557 559 2598 uxorem,
595 2548 751 2588 etiamsi
778 2549 984 2604 Hippolyti
1012 2552 1052 2591 in
1081 2565 1129 2592 ea
1155 2564 1366 2606 personam
1394 2545 1513 2584 sueti·

1155 2613 1158 2616 «
1340 2618 1379 2650 Β.
