1655 2659
155 43 167 49 ”
259 46 264 49 ’
638 70 691 79 -
746 47 797 87 45
843 70 897 77 -—

124 146 276 205 monuit
314 166 523 216 Dissenus3
561 165 613 204 Is.
640 165 804 204 Vossius
841 164 907 215 (ad
935 164 1074 215 peripl.
1102 164 1218 202 Pont.
1247 163 1346 202 Eux.
1368 177 1412 216 p.

127 231 214 283 81.)
242 230 468 283 Sigynos
497 230 544 268 cf.
558 230 654 269 Her.
671 231 707 279 5,
727 229 772 279 93
799 228 877 280 Ap.
893 228 968 268 Rh.
985 230 1022 278 4,
1050 228 1141 268 320.
1182 228 1213 267 1.
1241 228 1294 267 H.
1313 227 1414 268 Vos-

126 295 207 334 sius
237 294 334 333 satis
361 298 507 333 temere
536 293 782 343 Gelonos3
816 294 865 332 L.
893 293 1107 332 Muellerus
1142 292 1414 333 Macrones.

126 358 318 409 Equidem
333 389 343 409 ,
385 358 561 409 quamvis
603 357 775 396 arrideat
802 357 983 396 Muelleri
1027 357 1249 395 coniectura
1264 387 1274 407 ,
1303 358 1344 396 in
1371 370 1415 396 re

119 425 205 460 ,tam
231 422 385 460 lubrica
409 422 596 459 librorum
624 422 852 472 scripturam
878 420 1122 458 retinendam
1150 432 1234 458 esse
1262 433 1415 471 censeo,

125 486 353 538 praesertim
395 498 483 523 cum
523 486 558 523 is
596 486 661 536 qui
690 485 843 536 scripsit
869 483 945 522 hoc
976 496 1135 522 carmen
1163 485 1416 525 abstrussima

105 558 299 601 ‘quaeque
328 553 367 588 et
394 563 418 588 a
445 550 587 587 notitia
612 549 718 599 vulgi
745 548 1004 586 remotissima
1032 550 1248 587 consectari
1278 550 1413 588 soleat.

254 613 488 651 Padaeus
521 613 593 650 145
612 612 721 664 inpia
748 625 820 651 nec
849 612 977 651 saevis
1004 612 1209 651 celebrans
1238 613 1418 652 convivia

126 678 272 716 mensis
320 702 371 707 -
413 677 550 715 ultima
575 677 726 716 vicinus
753 676 919 715 Phoebo
947 680 1054 715 tenet
1083 690 1180 716 arva
1208 677 1415 716 Padaeus'.

126 741 389 779 Memorantur
417 749 560 780 Παδαῖοι
599 739 803 778 Herodoto
833 740 869 788 3,
900 740 961 778 99.
996 739 1068 778 Est
1094 740 1231 778 Indiae
1259 741 1416 792 quidam

128 805 306 856 populus.

257 868 360 907 Illud
387 868 600 920 Diaspes
629 868 734 919 quod
761 881 797 906 v.
822 868 898 905 140
926 868 1017 905 libri
1044 868 1189 906 habent
1216 869 1322 907 haud
1350 869 1417 908 du-

125 931 191 968 bie
232 935 456 982 corruptum
497 935 557 969 est
599 943 649 969 ex
690 943 736 969 eo
765 931 867 982 quod
894 931 1044 982 flagitat
1071 944 1207 970 sensus
1236 931 1416 983 quodque

127 1007 309 1046 recepere
337 995 510 1034 homines
538 995 641 1033 docti
669 994 930 1046 Choaspes.

256 1059 345 1097 Non
399 1059 527 1110 mag-is
584 1072 608 1097 a
662 1059 890 1111 panegyrici
945 1059 1130 1110 scriptore
1198 1060 1416 1111 profectum

130 1123 297 1162 videtur.
591 1157 595 1161 N

259 1187 488 1226 domator
523 1188 596 1225 116
635 1190 674 1225 te
712 1186 808 1225 duce
837 1199 911 1225 non
941 1186 1039 1224 alias
1068 1198 1279 1225 conversus
1307 1190 1417 1238 terga

130 1250 305 1290 domator
332 1276 385 1281 —
412 1251 538 1290 libera
565 1251 765 1290 Romanae
793 1251 957 1289 subiecit
984 1250 1086 1289 colla
1115 1251 1301 1289 catenae’.
1339 1251 1416 1290 Ne-

131 1327 204 1365 que
245 1315 349 1353 enim
392 1315 513 1354 habet
541 1314 639 1353 illud
667 1314 843 1353 domator
871 1326 945 1366 quo
972 1313 1160 1352 referatur
1187 1317 1294 1366 apte3
1323 1327 1415 1353 nam

129 1378 234 1430 quod
259 1378 448 1418 Dissenus
477 1380 631 1431 supplet
657 1380 865 1431 ‘equorum'
893 1380 1010 1430 idque
1029 1391 1080 1417 ex
1098 1379 1414 1418 antecedentibus

127 1443 244 1481 facile
285 1444 410 1494 repeti
451 1456 562 1494 posse
600 1447 750 1492 censet,
780 1447 937 1481 secutus
966 1447 1024 1481 est
1049 1443 1115 1480 ille
1143 1443 1299 1493 quidem
1328 1444 1416 1482 vul-

130 1519 263 1558 garem
305 1507 557 1560 interpretum
599 1507 938 1558 consuetudinem,
980 1508 1046 1559 qui
1073 1507 1140 1546 ubi
1167 1508 1311 1559 aliquid
1339 1521 1415 1548 non

128 1571 307 1622 intellegi
334 1575 464 1623 potest
483 1573 642 1610 eliciunt
660 1585 709 1610 ex
725 1573 1009 1610 sententiarum
1025 1572 1173 1610 scilicet
1188 1572 1415 1612 condicione

127 1636 258 1675 nescio
287 1636 380 1688 quid
407 1649 481 1688 quo
512 1640 749 1676 sustentetur
768 1637 956 1676 vacillans
976 1637 1164 1675 librorum
1183 1637 1414 1688 auctoritas3

129 1701 197 1739 sed
238 1714 364 1752 neque
405 1702 520 1741 facile
562 1715 612 1740 ex
652 1702 971 1740 antecedentibus
1011 1702 1136 1752 repeti
1161 1706 1290 1753 potest
1316 1703 1414 1741 illud

128 1777 312 1817 equorum
353 1778 425 1803 nec
466 1778 558 1804 vero
600 1766 755 1804 etiamsi
782 1766 907 1817 repeti
932 1769 1064 1817 posset
1091 1765 1185 1803 satis
1215 1765 1414 1804 commode

128 1829 232 1868 inter
273 1843 314 1869 se
356 1834 638 1881 opponerenter
679 1842 726 1868 ea
754 1842 852 1880 quae
883 1834 975 1868 sunt
1003 1830 1189 1881 ‘domator
1218 1831 1413 1880 equorum‘

127 1896 167 1931 et
196 1894 333 1945 ‘libera
373 1894 576 1933 Romanae
618 1894 784 1932 subiecit
825 1894 925 1932 colla
953 1894 1136 1933 catenae’.
1193 1893 1282 1932 Non
1310 1894 1413 1932 enim

127 1956 199 1995 hoc
240 1957 369 1996 dicere
410 1957 578 1996 debebat
622 1957 801 2008 scriptor:
844 1957 910 2008 qui
951 1961 1068 1996 antea
1109 1970 1225 2008 equos
1254 1957 1413 1996 domare

126 2024 420 2072 consueverant,
448 2024 488 2060 te
517 2021 615 2060 duce
643 2034 667 2060 a
692 2020 881 2060 Romanis
910 2021 1048 2060 domiti
1087 2022 1164 2074 ipsi
1184 2026 1286 2072 sunt,
1321 2034 1413 2061 nam

127 2098 248 2138 equos
289 2085 450 2125 domare
485 2086 604 2128 etiam
641 2086 792 2125 subacti
820 2099 844 2125 a
869 2085 1058 2125 Romanis
1085 2090 1313 2138 potuerunt;
1342 2086 1415 2124 sed

123 2150 220 2189 haec
266 2151 398 2201 potius
440 2150 661 2202 postulatur
688 2150 906 2188 sententia:
934 2150 1001 2201 qui
1029 2153 1145 2189 antea
1172 2149 1315 2189 bellica
1342 2162 1414 2188 sua

126 2214 273 2253 virtute
302 2217 341 2253 et
369 2214 543 2265 equestri
570 2218 652 2253 arte
680 2213 811 2252 confisi
839 2213 938 2252 alias
968 2217 1107 2264 gentes
1136 2214 1357 2265 domabant,
1373 2218 1412 2252 te

126 2277 224 2317 duce
265 2278 399 2316 domiti
435 2277 512 2329 ipsi
539 2280 630 2315 sunt
657 2290 681 2315 a
707 2276 909 2326 Romanis.
966 2276 1178 2328 ‘Gentium’
1206 2278 1324 2328 igitur
1350 2277 1415 2316 vel

124 2342 379 2394 ‘populorum'
437 2341 697 2394 supplendum
723 2345 844 2392 esset,
886 2342 990 2392 quod
1018 2345 1147 2381 tamen
1176 2355 1198 2382 e
1227 2343 1414 2382 sermonis

124 2405 237 2445 latini
278 2410 318 2445 et
360 2419 479 2445 sanae
521 2405 686 2444 rationis
727 2405 883 2458 legibus
911 2418 990 2444 non
1017 2406 1144 2457 magis
1171 2405 1258 2445 fieri
1284 2410 1414 2458 potest

125 2481 241 2520 quam
268 2461 374 2522 quod
400 2471 604 2525 proposuit
630 2471 832 2511 Dissenus.
886 2470 1010 2510 Recte
1038 2471 1156 2522 igitur
1183 2471 1231 2510 L.
1250 2470 1413 2511 Muelle-

46 2562 73 2577 2
123 2545 192 2573 rus
235 2536 390 2590 scripsit
434 2537 668 2576 domante
709 2549 779 2589 pro
807 2536 1003 2589 ‘domator'
1031 2548 1105 2588 quo
1134 2540 1295 2590 accepto
1324 2547 1412 2576 seu-
