1655 2659
709 66 1010 104 -49--

313 177 613 237 Arganthus
653 182 686 230 Ι,
730 183 795 232 20,
838 182 889 219 33
927 180 992 219 hic
1019 184 1104 220 erat
1130 179 1322 231 Arganthi
1349 179 1481 231 Pegae

158 270 161 271 ⁷
197 251 269 288 sub
310 251 456 288 vertice
505 247 648 285 montis
695 269 749 274 -
787 249 897 294 grata
939 245 1077 281 domus
1119 244 1308 294 Nymphis
1349 244 1481 281 umida

197 311 500 365 Thyniasin’oe-
522 318 772 364 Ἀργανθὸνιον
794 313 869 362 ὄρος
885 307 1030 348 Graeci:
1048 307 1095 347 cf.
1117 306 1243 346 strab.
1266 307 1312 346 ‘12
1332 320 1369 358 p.
1391 307 1480 346 564.

320 376 736 429 Borysthenidae
777 375 830 425 Π,
876 376 911 424 7,
960 374 1004 411 18
1043 372 1168 423 gloria
1210 371 1260 410 ad
1296 372 1482 410 hibernos

192 441 276 479 lata
301 441 637 492 Borysthenidas&
1211 492 1215 498 Ι

307 501 544 558 'Cepheus
584 505 634 556 V,
669 506 705 556 6,
738 506 785 543 78
816 503 1014 556 Cepheam
1056 502 1121 541 hic
1148 501 1309 541 Meroen
1354 501 1482 541 fusca-

191 584 266 622 que
293 583 417 621 regna
444 571 583 608 canat'.
639 569 782 608 Graeci
810 575 956 616 Κηφεύς.

321 634 533 687 Cytaine
567 634 599 684 Ι,
645 635 678 684 1,
716 634 769 672 24
798 632 909 671 Tunc
947 644 1018 682 ego
1047 630 1277 669 crediderim
1304 630 1416 669 vobis
1446 634 1486 669 et

198 701 329 738 sidera
366 703 406 737 et
442 711 575 737 amnes
612 722 665 728 —
699 710 813 749 posse
842 696 1028 747 Oytaines
1056 695 1195 733 ducere
1224 695 1484 733 carminibus-⁹.

192 764 255 802 Ita
283 763 450 802 correxit
477 762 765 801 Lachmannus.
823 759 1098 812 Oythainis
1127 758 1176 797 N.
1205 758 1294 798 Vid.
1323 759 1484 798 Hertzb.

321 827 524 879 Cytaeis
554 827 606 877 Π,
637 828 674 877 4,
721 828 767 865 17
808 838 886 864 non
914 825 980 862 hic
1007 823 1131 862 herba
1159 824 1275 874 valet,
1317 837 1392 862 non
1421 824 1484 862 hic

191 895 382 930 nocturna
409 890 588 941 Oyffleis’.
644 890 785 928 Graeci
813 895 963 930 Κυταιίς,
987 893 1136 934 Κυτηιίς.

321 954 636 993 Dorozantes
679 953 742 1003 V,
786 955 836 1003 5,
879 952 932 992 21
971 951 1014 990 Si
1041 955 1080 990 te
1108 951 1193 990 an
1220 951 1485 991 Dorozantum

195 1020 305 1058 iuvat
333 1031 451 1057 aurea
477 1019 590 1070 ripa’.
647 1018 898 1056 Oonieoturas
927 1016 1067 1067 quibus
1094 1017 1271 1055 homines
1295 1017 1399 1055 docti
1416 1030 1486 1068 pro

195 1087 311 1134 gente
338 1083 471 1133 ignota
500 1082 740 1121 substituere
767 1082 957 1120 notiorem
977 1081 1163 1118 volebant
1179 1081 1256 1119 vid.
1272 1094 1334 1133 ap.
1349 1081 1489 1120 Hertz-

195 1147 374 1198 bergium
406 1150 446 1185 et
471 1146 714 1185 Muellerum.

326 1211 534 1249 Glaucis
572 1210 632 1259 V,
663 1211 704 1261 5,
739 1210 790 1249 55
827 1209 1037 1249 Glaucidos
1067 1213 1107 1248 et
1135 1210 1291 1249 catulae
1320 1224 1399 1249 vox
1427 1215 1487 1250 est

199 1276 294 1314 mihi
323 1279 437 1325 grata
469 1276 692 1325 querentis'.
749 1279 904 1317 Γλαῦκος,
927 1278 953 1318 ὅ,
978 1274 1133 1312 Graeci.

324 1338 531 1376 Hilaira
569 1338 611 1387 I,
653 1340 699 1386 2,
744 1337 794 1376 16
835 1350 912 1378 non
954 1337 1010 1375 sic
1047 1337 1260 1387 Leucippis
1291 1337 1488 1375 succendit

198 1402 366 1441 Castora
401 1401 560 1440 Phoebe
596 1426 648 1431 —
685 1402 885 1440 Pollucem
922 1401 1027 1440 cultu
1064 1414 1141 1440 non
1168 1401 1323 1440 Hilaira
1350 1401 1486 1440 soror’.

139 1494 141 1497 .
194 1470 339 1517 Ἱλάειρα
363 1465 514 1504 Graeci.

326 1529 531 1583 Horops
570 1530 629 1581 V,
675 1531 717 1581 1,
762 1531 809 1569 77
852 1542 915 1568 me
953 1533 1059 1568 creat
1093 1529 1294 1582 Archytae
1331 1529 1488 1571 soboles
1569 1562 1573 1565 <

198 1594 441 1646 Babylonius
487 1594 642 1646 Horops
689 1618 742 1624 —
784 1594 948 1633 Horon’.
1019 1595 1150 1645 Atque
1195 1595 1293 1634 illud
1337 1596 1491 1647 Horops

198 1671 327 1709 neque
366 1658 470 1709 apud
506 1658 706 1697 Romanos
742 1672 815 1697 nec
852 1659 957 1710 apud
996 1658 1168 1697 Graecos
1197 1659 1300 1697 -alibi
1337 1660 1491 1711 legitur,

197 1722 239 1760 id
279 1722 386 1774 quod
419 1726 479 1762 est
511 1722 641 1762 Horos
675 1722 825 1762 habent
861 1723 1022 1774 saepius
1058 1723 1212 1773 Graeci,
1241 1736 1263 1761 e
1298 1723 1491 1763 Romanis

205 1787 314 1824 solus
357 1786 577 1826 Macrobius
621 1791 693 1826 sat.
727 1789 771 1837 1,
813 1788 913 1838 21‘§
946 1789 992 1826 13
1022 1788 1125 1838 apud
1153 1787 1309 1826 eosdem
1335 1788 1489 1839 Apollo,

202 1850 270 1901 qui
297 1854 360 1889 est
387 1851 456 1902 sol,
483 1851 615 1890 Horus
642 1854 819 1890 vocatur.

327 1914 466 1954 Iasis
507 1915 540 1965 I,
586 1917 631 1965 1„
657 1915 708 1954 10
741 1915 930 1953 Milanion
966 1916 1095 1954 nullos
1123 1915 1321 1966 fugiendo,
1364 1916 1492 1967 Tulle,

200 1979 353 2018 labores
382 2003 434 2009 —
461 1979 666 2028 saevitiam
694 1979 782 2018 duri
810 1979 987 2018 contudit
1014 1979 1192 2019 Iasidos’.

329 2043 597 2094 Lampetie
625 2043 705 2093 IV,
738 2044 797 2093 11,
826 2044 877 2083 29
905 2043 1130 2095 Lampeties
1159 2043 1303 2083 Ithacis
1332 2043 1492 2082 veribus

201 2107 373 2158 mugisse
401 2106 612 2145 iuvencos’.
650 2106 793 2145 Graeci
821 2114 1003 2155 Λαμπετίη
1027 2107 1071 2145 cf.
1100 2106 1173 2146 Od.
1206 2108 1372 2159 12,135.
1402 2108 1492 2146 373.

329 2170 499 2209 Latris
538 2171 597 2220 V,
637 2173 681 2221 7,
721 2173 770 2210 75
806 2171 1045 2221 deliciaeque
1087 2185 1198 2211 meae
1233 2173 1386 2221 Latris,
1430 2172 1494 2209 cui

201 2246 344 2273 nomen
386 2234 437 2272 ab
471 2238 587 2273 usust
623 2259 676 2264 —
706 2247 756 2273 ne
784 2234 987 2286 speculum
1017 2235 1196 2275 dominae
1223 2236 1399 2288 porrigat
1424 2235 1494 2273 illa

203 2299 353 2338 novae’.
400 2297 544 2338 Graeci
571 2299 717 2338 habent
748 2299 1028 2350 appellativum
1056 2303 1082 2342 ὁ,
1106 2303 1126 2348 ἡ
1149 2306 1272 2349 λάτρις,
1300 2299 1493 2348 minister,

207 2363 399 2402 ministra.

333 2426 554 2478 Lycinna
581 2427 658 2477 IV,
700 2428 760 2476 14,
791 2428 814 2464 6
842 2427 916 2465 illa
940 2427 1056 2466 rudes
1087 2428 1235 2466 animos
1261 2440 1332 2478 per
1358 2430 1490 2465 noctes

205 2490 363 2529 conscia
388 2491 532 2542 primas
559 2514 613 2521 —-
639 2491 781 2530 imbuit
797 2490 876 2529 heu
894 2492 1013 2531 nullis
1033 2495 1146 2543 capta
1163 2492 1341 2545 Lycinna
1360 2490 1492 2530 datis’.

31 2587 83 2607 a
147 2610 149 2613 ι
185 2563 254 2588 ἐ-
286 2564 441 2595 Λυκῖιιος.
468 2555 614 2595 habent
649 2554 802 2595 Graeci.

1343 2621 1364 2652 4
