1655 2659
676 64 934 101 „56-

159 191 259 231 quae
287 182 380 218 sunt
406 179 591 230 fervidus,
618 179 791 230 timidus,
817 178 1009 231 placidus,
1038 179 1142 217 aliis.
1179 178 1346 218 Poterat
1371 179 1454 219 adi-

158 257 246 283 cere
274 245 403 295 ipsum
440 244 642 294 candid-us,
683 244 788 295 quod
827 244 1051 283 Macrobius
1078 244 1123 282 in.
1146 256 1265 282 versu
1291 244 1454 295 Proper-

157 309 264 347 tiano
292 309 412 347 habet
439 309 622 360 quodque
640 309 867 359 praeferunt
883 308 945 346 illi
964 307 1311 346 ardidushomines
1330 307 1454 346 docti:

158 372 307 412 Verum
335 373 532 411 enimvero
562 385 611 411 ex
639 372 817 423 analogia
844 372 1052 410 formatum
1080 384 1169 411 esse
1193 371 1291 409 illud
1319 371 1453 410 aridus

158 449 286 488 neque
314 437 344 475 ii
372 437 570 488 negabant
597 437 664 488 qui
690 436 884 475 Macrobii
909 439 1140 488 receperunt
1160 436 1370 475 lectionem
1388 448 1454 474 ne-

159 514 238 552 que
266 514 337 552 ego
365 514 486 552 nego3
525 504 566 538 at
602 501 761 552 quinam
789 501 842 539 sit
870 500 1147 552 explicandum
1174 501 1291 552 plane
1318 500 1455 552 ignom

160 578 233 604 nec
272 566 482 617 explicavit
514 556 806 616 Hertzbergius,
838 565 907 617 qui
934 565 1037 617 quod
1065 565 1107 604 in
1133 565 1454 617 interpretatione

159 630 359 681 Propertii
388 630 615 680 germanica
644 630 781 668 vertit:
808 631 878 667 hat
904 630 945 667 in
964 629 1041 668 den
1060 629 1197 681 Tagen
1216 634 1328 680 etwa,
1346 631 1454 669 mein

158 694 283 743 Herz,
327 694 391 732 die
424 694 496 732 das
523 694 662 732 Leben
690 694 750 731 dir
777 694 994 731 schenkten
1021 718 1074 722 —
1100 694 1185 731 laut
1211 706 1298 732 zum
1325 693 1454 732 fflfick

160 757 221 796 dir
249 758 420 808 geniesst
448 757 571 796 Amor
600 757 669 797 der
702 758 722 796 f
728 758 837 797 euri
847 771 903 808 ge
939 758 1085 796 Gott?
1115 758 1327 809 epitheton>
1346 758 1454 797 affin-

158 822 214 872 git
255 821 328 859 deo
369 822 432 859 hic
473 821 628 873 quidem
668 822 829 860 minime
871 822 1116 861 conveniens.
1172 821 1377 873 Equidem,
1404 834 1454 861 ne

160 886 305 924 multus
354 886 452 936 sim,
498 887 654 925 omnino
696 899 833 925 verum
875 899 960 926 esse
1000 890 1094 938 puto
1139 886 1238 925 illud
1269 886 1454 925 candidus

158 950 296 1000 (quarn
325 951 489 987 eandem
529 951 736 988 lectionem
782 951 967 989 exhibent
1003 962 1086 989 exc.
1121 950 1310 989 Bobiens.
1336 950 1386 988 V.
1416 963 1454 1001 p.

160 1013 280 1065 651);
320 1014 389 1052 sed
420 1027 490 1066 pro
528 1027 573 1053 eo
603 1014 709 1066 quod
734 1014 958 1053 Macrobius
988 1014 1108 1054 habet
1134 1017 1324 1066 augustae
1351 1014 1454 1065 (au-

159 1083 359 1129 gustum
386 1093 467 1118 non
494 1080 638 1118 inscite
666 1080 929 1131 Passeratius)
957 1092 1034 1117 non
1062 1078 1199 1117 dubito
1227 1091 1313 1117 cum
1332 1078 1455 1117 Muel-

158 1143 243 1180 lero
288 1143 463 1193 recipere
504 1143 691 1181 librorum
721 1144 954 1195 scripturam
987 1146 1216 1193 argutum
1244 1154 1361 1193 quam
1389 1154 1455 1181 cur

158 1207 437 1245 Lachmannus
475 1208 753 1258 posthabuerit
795 1207 1009 1246 Passeratii
1037 1207 1194 1245 invento
1222 1219 1300 1244 non
1327 1206 1452 1245 video.

159 1270 263 1308 Vide
292 1271 418 1321 ipsum
447 1271 507 1309 ed.
537 1272 626 1310 mai.
654 1285 693 1323 p.
721 1272 809 1310 108.

618 1420 1001 1451 3.v0rba.

289 1525 423 1576 Atque
451 1525 491 1563 in
519 1526 594 1564 hac
623 1525 860 1576 quaestionis
888 1528 1000 1576 parte
1028 1525 1109 1564 iam
1135 1525 1233 1564 illud
1254 1525 1358 1577 quod
1376 1526 1454 1576 pri-

160 1602 266 1627 mum
295 1590 472 1627 occurrit.
493 1618 496 1620 v

289 1654 454 1693 eviolo
482 1654 515 1704 I,
546 1656 581 1704 7,
610 1654 661 1693 16
691 1657 731 1692 te
760 1667 913 1705 quoque
943 1654 977 1692 si
1006 1656 1111 1693 certo
1140 1666 1241 1705 puer
1268 1654 1334 1693 hic
1363 1667 1453 1693 con·

162 1719 329 1756 cusserit
367 1730 460 1755 arcu
498 1742 551 1747 —
584 1730 658 1768 quo
696 1718 816 1755 nolim
844 1721 996 1756 nostros
1025 1718 1219 1756 eviolasse
1247 1717 1354 1767 deos,
1382 1718 1455 1756 fal-

160 1795 248 1820 sum
276 1783 361 1820 sine
390 1781 509 1820 dubio
538 1785 616 1827 est,
660 1794 735 1832 qua
768 1781 816 1819 de
843 1793 887 1819 re
916 1794 1003 1819 cum
1031 1794 1134 1820 nunc
1161 1794 1275 1820 nemo
1304 1781 1455 1820 dubitet

159 1845 287 1884 dicere
315 1845 429 1896 plura
458 1844 712 1896 supersedere
739 1856 912 1895 possum,
947 1844 997 1882 ad
1023 1844 1323 1895 Hertzbergium
1351 1845 1455 1884 dele·

160 1921 280 1959 gasse
308 1909 497 1948 lectorem
526 1911 743 1958 contentus3
772 1907 839 1959 qui
864 1911 997 1946 tamen
1024 1907 1107 1959 ipse
1136 1908 1238 1960 quod
1265 1908 1454 1950 Italorum

158 1976 315 2010 secutus
335 1972 539 2010 inventum
561 1972 735 2022 scripsit:
756 1971 861 2021 quod
879 1971 999 2009 nolim
1018 1974 1172 2010 nostros
1192 1973 1454 2011 evoluisse

160 2035 279 2086 deos,
321 2049 371 2075 ne
415 2035 541 2074 hilum
587 2035 743 2088 quidem
788 2034 950 2087 proficit.
1006 2034 1108 2074 Nam
1136 2036 1329 2087 quomodo
1357 2037 1454 2076 illud

159 2101 343 2139 evolvere
372 2100 452 2139 dici
479 2104 597 2150 queat
624 2101 699 2139 hac
727 2100 985 2138 translatione
1013 2113 1091 2138 non
1113 2101 1240 2150 magis
1259 2101 1454 2151 perspicio

158 2176 273 2214 quam
308 2162 465 2201 Keilius
502 2163 571 2214 qui
611 2162 817 2201 infeliciter
844 2162 1028 2201 coniecit:
1058 2163 1161 2214 quod
1188 2164 1272 2202 noli
1299 2167 1454 2203 nostros

158 2227 236 2265 heu
264 2227 432 2265 violasse
459 2226 565 2264 deos.
595 2226 756 2277 Optime
785 2239 879 2264 vero
898 2226 1125 2276 Muellerus,
1153 2227 1218 2278 qui
1235 2228 1454 2266 mutatione

157 2301 285 2340 paene
315 2290 428 2328 nulla
456 2290 633 2340 scripsit:
663 2302 738 2340 quo
767 2289 887 2327 nolim
925 2293 1082 2328 nostros
1127 2293 1175 2328 te
1221 2290 1454 2329 violasse

158 2353 264 2392 deos.
319 2352 450 2404 Atque
478 2354 581 2392 hanc
609 2366 740 2392 veram
768 2366 856 2392 esse
883 2353 1121 2405 scripturam
1149 2354 1280 2393 nullus
1308 2353 1453 2393 dubito.

290 2416 439 2455 Similis
469 2430 626 2467 prorsus
655 2418 833 2455 condicio
861 2418 967 2455 illius

286 2480 490 2531 intepeo
528 2480 578 2530 V,
618 2482 651 2530 1,
685 2480 760 2520 124
788 2484 826 2519 et
853 2481 964 2520 lacus
992 2480 1154 2519 aestivis
1183 2481 1334 2532 intepet
1360 2481 1455 2521 Um-

157 2545 227 2585 ber
268 2545 395 2596 aquis,
433 2545 559 2597 quode
589 2545 688 2584 satis
714 2545 843 2584 habeo
872 2558 961 2584 cum
989 2545 1181 2585 Muellero
1209 2545 1456 2587 Lachmanni

1418 2645 1475 2659 :24
1485 2643 1508 2659 ’τ’
