1655 2659
662 43 930 88 -2-20-

148 162 340 201 ctatorum
370 161 589 215 significare
618 164 851 217 applausum
879 166 1024 218 optime
1064 167 1214 207 monuit
1252 167 1315 221 (cf.
1344 166 1442 209 Mei-

148 229 236 268 nek.
280 230 387 269 Com.
407 242 462 280 gr.
493 229 530 279 2,
562 230 594 268 1.
622 243 660 281 p.
695 231 808 282 194);
844 231 885 270 id
913 244 1007 270 vero
1035 236 1138 285 recte
1166 232 1314 272 Statius
1341 234 1442 285 quod
1503 270 1506 271 γ

149 294 437 344 argutationem
475 293 523 331 de
562 295 711 344 crepitu
738 295 831 333 lecti
860 307 977 346 saepe
1006 297 1178 335 concussi
1208 297 1441 348 interpreta-

147 361 211 396 tur
278 357 414 409 Neque
442 358 676 408 Doeringius
712 359 918 411 quicquam
960 360 1091 399 attulit
1130 361 1180 399 ad
1208 360 1323 400 Statii
1359 364 1441 414 opi-

149 422 303 460 nionem
350 422 646 472 confutandam3
695 422 760 473 qui
801 423 903 474 quod
939 423 1037 461 illud
1075 424 1267 474 argutatio
1304 425 1439 463 eodem
1497 432 1500 434 ’

145 487 225 525 fere
262 499 377 525 sensu
412 488 583 539 positum
621 500 705 526 esse
734 487 791 526 ait
818 501 891 539 quo
920 489 1176 527 inambulatio
1218 494 1439 541 comparato

148 551 287 589 Titinii
323 552 460 602 fragm.
491 565 550 602 ap.
580 552 680 589 Non.
709 565 742 590 s.
762 565 797 590 v.
818 553 991 602 argutari
1019 566 1054 603 p.
1076 555 1152 591 245
1173 553 1439 605 (Quich.270)

146 628 223 654 non
259 616 391 654 hercle
428 615 530 654 vidit
572 628 660 654 eum
702 616 831 668 ipsum
874 616 1002 655 locum
1044 617 1271 656 confirmare
1308 618 1437 670 potius

147 680 265 719 Statii
302 684 342 718 et
377 681 443 732 qui
479 693 567 719 eum
603 681 729 719 secuti
762 684 851 719 sunt
879 681 1248 732 interpretationem.
1305 681 1438 720 Verba

148 744 286 783 Titinii
328 748 485 796 corupte
526 745 672 795 scripta
713 738 805 782 sunt
841 745 882 782 in
911 745 1022 783 codd.
1051 746 1091 784 in
1124 746 1229 784 hunc
1257 746 1436 784 modum:

146 811 248 846 terra
276 809 372 846 haec
402 811 474 857 est,
501 821 602 846 nova
630 820 717 859 qua,
746 807 814 845 ubi
842 812 885 845 tu
903 808 1043 846 solitus
1065 809 1241 862 argutari
1260 808 1435 860 pedibus,

147 875 291 909 cretam
329 871 420 909 dum
460 871 672 921 compescis
704 871 1011 923 vestimentaque
1050 872 1182 921 levas,
1225 885 1320 923 quae
1350 878 1455 910 cum'

146 936 259 974 multi
288 936 327 974 in
357 935 612 973 emendandis
641 936 688 974 iis
710 936 853 974 frustra
871 949 1029 988 operam
1047 937 1278 988 posuissent,
1310 950 1437 975 emen·

147 1000 255 1037 davit
284 1000 555 1037 Lachmannus
590 1001 629 1037 in
661 1000 776 1037 Lucr.
807 1002 883 1039 379
917 1000 985 1050 (ad
1015 1002 1051 1049 6,
1082 1002 1178 1051 2352)
1206 1005 1312 1038 terra
1341 1002 1436 1039 haec

147 1067 218 1113 est,
262 1077 336 1101 non
367 1067 478 1115 aqiia,
516 1063 585 1101 ubi
620 1077 662 1102 es
691 1067 735 1102 tu
763 1065 901 1102 solitus
931 1065 1150 1115 argutarier
1181 1089 1230 1094 —
1259 1065 1435 1116 pedibus,

147 1131 296 1165 cretam
325 1126 417 1165 dum
446 1127 668 1178 compercis,
697 1128 932 1166 vestimenta
961 1129 1027 1180 qui
1055 1129 1175 1178 laves,
1205 1142 1317 1179 quam
1347 1142 1435 1167 con-

145 1192 334 1230 iecturam
362 1191 602 1230 Ribbeckius
632 1205 783 1243 quoque
821 1192 936 1243 (com.
966 1193 1033 1231 lat.
1062 1193 1108 1231 fr.
1143 1193 1236 1243 118)
1274 1194 1435 1245 recepit,

144 1256 221 1294 nisi
251 1255 354 1308 quod
383 1256 417 1294 is
445 1259 550 1294 recte
579 1256 734 1307 scripsit
762 1280 814 1285 -
842 1256 910 1295 ubi
938 1260 989 1295 tu
1034 1257 1242 1295 solitu’s
1281 1261 1436 1308 arguta-

147 1320 237 1370 rier,
276 1324 316 1359 et
343 1322 385 1359 in
412 1322 535 1359 altero
564 1334 679 1359 versu
707 1322 929 1372 compescis,
969 1325 1009 1359 et
1035 1320 1246 1359 Ribbeckii
1274 1322 1435 1373 scriptu-

145 1397 231 1422 ram
260 1384 515 1427 Quicheratus
554 1397 704 1434 quoque
733 1384 909 1421 exhibuit
935 1385 1061 1435 posita
1089 1388 1219 1422 tamen
1249 1389 1340 1422 ante
1368 1398 1434 1422 vo-

145 1459 230 1486 cem
267 1451 372 1485 terra
407 1447 599 1498 particula
628 1451 687 1484 at.
745 1446 856 1490 Quae
886 1447 1027 1484 Titinii
1054 1447 1177 1484 verba
1205 1447 1280 1484 etsi
1309 1460 1332 1484 a
1360 1459 1435 1498 quo

146 1515 213 1549 aut
250 1510 301 1549 ad
337 1523 450 1563 quem
493 1514 559 1548 aut
597 1511 637 1548 in
679 1523 848 1561 quanam
890 1510 1166 1548 sententiarum
1212 1509 1435 1549 condicione

146 1574 251 1613 dicta
278 1574 421 1613 fuerint
440 1587 518 1612 non
537 1586 746 1625 possumus
768 1572 974 1611 divinando
995 1572 1162 1624 assequi,
1191 1573 1285 1612 satis
1305 1576 1436 1611 tamen

146 1639 248 1678 clare
277 1638 484 1677 ostendunt
515 1637 623 1687 illud,
660 1638 831 1688 argutari
857 1637 1019 1689 pedibus
1056 1637 1155 1676 nihil
1184 1637 1291 1675 aliud
1319 1638 1436 1688 signi-

143 1702 262 1740 ficare
291 1715 407 1754 quam
436 1701 678 1740 calcando
709 1702 932 1740 efficere
960 1702 1191 1751 sonitum,
1229 1701 1294 1752 qui
1321 1701 1436 1752 longe

143 1767 300 1817 lateque
329 1766 565 1804 exaudiri
602 1769 763 1816 queat.
819 1765 992 1803 Ernestii
1019 1764 1070 1802 ad
1100 1765 1222 1802 Tacit.
1252 1776 1341 1801 ann.
1374 1765 1436 1813 11,

146 1831 196 1868 28
215 1833 360 1879 notam,
391 1829 441 1867 ad
469 1842 584 1880 quam
612 1829 768 1879 delegat
785 1829 1032 1879 Doeringius,
1059 1829 1191 1878 legere
1209 1841 1286 1866 non
1314 1828 1434 1878 potui.

143 1893 162 1944 )
270 1893 424 1930 inrum
436 1893 540 1930 atio
573 1894 633 1941 18,
662 1892 686 1931 9
714 1896 872 1942 tangam
899 1895 939 1929 te
954 1892 1062 1942 prior
1078 1890 1351 1929 inrumatione’
1366 1890 1437 1928 ubi

145 1957 545 1994 irruminatione
573 1956 623 1994 V.

250 2032 376 2070 neque
411 2018 798 2070 praetermittendum
833 2018 1003 2056 videtur·
1019 2016 1116 2055 illud

252 2083 447 2122 fututio
477 2084 540 2132 32,
570 2083 593 2122 7
621 2095 810 2134 paresque
838 2082 950 2121 nobis
978 2105 1031 2111 —
1059 2093 1198 2120 novem
1228 2082 1431 2121 continuas

143 2147 370 2187 fututiones’
401 2160 476 2198 qua
504 2159 598 2185 voce
631 2147 750 2185 etiam
776 2146 968 2185 Martialis
995 2158 1088 2183 usus
1118 2148 1179 2183 est
1212 2144 1258 2195 I,?
1290 2145 1378 2190 106,
1408 2146 1432 2183 6

143 2215 270 2249 certae
299 2211 493 2262 nequitias
523 2211 753 2250 fututionis'.

247 2276 323 2314 His
352 2275 529 2314 addenda
557 2275 632 2314 duo
661 2276 702 2313 in
729 2298 783 2304 —-
810 2277 872 2312 tor
899 2273 1133 2311 desinentia:

250 2340 551 2390 coniugator
581 2341 644 2389 61,
664 2340 714 2377 45
749 2338 842 2377 boni
861 2360 914 2367 -
933 2337 1161 2387 coniugator
1178 2335 1362 2376 Amoris'.
1378 2358 1432 2367 -—

143 2405 348 2455 iugator
376 2407 485 2443 extat
516 2403 620 2455 apud
647 2402 863 2442 Arnobium
883 2403 918 2451 5,
939 2402 989 2440 25
1007 2400 1126 2439 boum
1152 2401 1308 2451 iugator
1341 2399 1432 2439 'rri-

142 2469 355 2522 ptolemus;
386 2468 695 2519 subiugator
723 2479 784 2519 ap.
813 2465 933 2518 Apul.
955 2463 1000 2503 de
1020 2463 1147 2515 dogm.
1175 2463 1333 2503 Platon.
1353 2462 1392 2514 2,
1407 2463 1429 2502 7

142 2533 242 2584 230)
269 2534 336 2584 qui
364 2536 425 2571 est
451 2532 687 2582 suffragator
707 2531 899 2569 bonorum
919 2533 960 2568 et
977 2530 1171 2568 malorum
1189 2528 1431 2579 subiugatur.
