1655 2659
672 1 963 70 423—

296 151 505 190 anilitas
534 151 597 199 61,
627 150 702 187 158
730 161 851 200 usque
879 146 972 185 dum
1002 146 1208 185 tremulum
1237 158 1395 184 movens
1423 169 1476 175 -—

189 230 287 265 cana
303 219 455 267 tempus
485 214 640 253 anilitas
660 237 711 242 —
731 212 862 252 omnia
890 211 1065 250 omnibus
1094 209 1255 249 adnuit’.
1304 209 1475 248 Anilis

188 284 292 319 etas
310 280 360 319 V.
380 280 527 318 Eodem
546 277 661 316 modo
678 277 841 315 formata
859 279 948 314 sunt
977 276 1133 314 nomina
1148 276 1265 313 haec:
1294 273 1474 312 iuvenili-

190 348 250 383 tas
279 358 338 396 ap.
380 344 494 383 Varr.
552 342 670 393 (Non.
698 355 736 392 p.
780 341 867 380 123.
898 341 944 378 cf.
975 340 1072 391 433)
1113 339 1316 391 puerilitas
1360 337 1474 376 Varr.

189 407 308 458 (Non.
339 408 450 458 494.)
477 407 647 445 virilitas
666 419 724 456 ap
747 409 846 443 auct.
877 405 974 464 belli¹
997 403 1060 442 Al.
1082 407 1122 441 et
1141 403 1292 453 scriptt.
1322 404 1475 452 argent.

189 475 260 509 aet.
291 495 341 499 —
370 470 611 509 Sententiam
660 473 763 507 recte
804 468 1017 519 explicavit
1069 466 1270 505 Murena:-
1310 464 1476 504 iucunde

189 534 372 585 exprimit
421 537 599 572 naturam
639 544 794 581 senum,
834 531 875 569 in
917 530 1054 582 quibus
1096 529 1240 568 caloris
1284 528 1475 567 naturalis

162 625 169 628 -
188 599 321 648 inopia
350 598 596 635 imbecillitas
624 601 831 634 tremorem
850 595 980 643 efficit,
1008 594 1064 631 ita
1081 597 1125 631 ut
1144 597 1259 644 caput
1286 595 1474 643 perpetuo

123 657 127 659 ’
188 661 410 699 motitantes
440 661 569 699 omnia
597 659 774 698 omnibus
802 669 972 696 annuere
1000 656 1214 695 videantur.

295 746 591 796 infacetiae
610 744 677 795 36,
709 745 756 784 19
785 743 896 794 pleni
922 742 1024 780 ruris
1059 744 1098 779 et
1124 742 1394 780 infacetiarum
1421 765 1473 771 -

188 810 345 848 annales
364 809 516 859 Volusi,
545 813 679 848 cacata
697 807 858 848 charta’..
889 806 1140 857 comparavit
1159 804 1309 844 Statius
1335 805 1473 844 Horat.

186 873 264 924 (ep.
282 875 358 924 2,1,
385 874 475 924 160)
491 877 721 912 manserunt
748 871 939 922 hodieque
967 872 1128 908 manent
1146 870 1317 920 vestigia
1343 869 1466 909 ruris‘.

291 964 514 1015 peditum
551 965 613 1014 54,
652 965 676 1002 3
713 962 854 1002 subtile
882 966 920 1000 et
945 961 1031 1001 leve
1068 961 1241 1014 peditum
1277 962 1466 1002 Libonis'.

188 1029 372 1067 Glossae:
400 1029 572 1079 peditum
601 1029 660 1080 (et
686 1028 875 1079 peditus)
903 1035 1019 1079 πορδή.
1072 1027 1255 1079 Ceterum
1281 1026 1358 1066 vid.
1380 1025 1471 1065 Sca-

184 1092 293 1142 liger.
325 1097 364 1130 et
392 1093 501 1143 Vulp.
533 1092 582 1130 ad
607 1092 646 1130 h.
674 1092 699 1132 l.

292 1184 631 1234 sepulcretum
659 1185 722 1233 59,
753 1184 778 1223 2
806 1196 904 1222 uxor
932 1183 1102 1232 Meneni,
1137 1196 1255 1234 saepe
1284 1196 1398 1235 quam
1426 1184 1469 1222 in

185 1248 411 1298 sepulcretis
440 1271 492 1277 —
521 1246 671 1286 vidistis
700 1248 787 1299 ipso
815 1260 951 1298 rapere
980 1247 1028 1285 de
1054 1260 1149 1299 rogo
1188 1246 1351 1285 cenam'.
1394 1247 1470 1286 Lo-

185 1323 272 1347 cum
301 1309 459 1347 denotat
485 1310 710 1360 sepulturae
738 1310 975 1349 destinatum
1002 1311 1215 1363 eodemque
1252 1311 1367 1349 modo·
1392 1311 1470 1350 for-

183 1380 328 1412 matum
367 1378 425 1413 est
466 1387 540 1425 quo
569 1374 639 1412 illa
673 1373 851 1413 bucetum
888 1375 1074 1414 olivetum
1109 1375 1323 1426 palmetum
1358 1375 1468 1426 pine-

183 1442 264 1475 tum
292 1438 381 1475 alia.
411 1461 462 1466 —
490 1437 812 1476 Busticetum
839 1438 939 1476 dixit
966 1438 1114 1477 Arnob.
1149 1439 1181 1487 l,
1202 1440 1267 1487 41,
1294 1438 1361 1476 ubi
1389 1439 1466 1477 vid.

184 1500 319 1549 Orell.,
342 1502 375 1551 7,
398 1503 458 1539 15.
1200 1521 1205 1523 -

287 1591 363 1629 His
391 1590 481 1629 addi
507 1594 635 1642 potest

290 1671 636 1723 caprimulgus
675 1671 738 1721 22,
781 1672 827 1708 10
863 1671 991 1709 bellus
1030 1671 1099 1708 ille
1135 1674 1175 1708 et
1208 1670 1377 1710 urbanus
1413 1676 1466 1702 '—-

182 1736 362 1775 Suffenus
391 1748 489 1774 unus
519 1735 778 1787 caprimulgus
808 1739 874 1773 aut
900 1735 1025 1773 fossor
1051 1759 1104 1764 —
1124 1741 1259 1774 rursus
1287 1735 1465 1775 videtur&

180 1800 289 1837 Idem
317 1798 548 1837 vocabulum
577 1811 718 1836 nomen
747 1803 805 1836 est
833 1800 915 1837 avis
943 1797 1147 1836 cuiusdam
1174 1798 1278 1836 Plin.
1312 1800 1372 1849 10,
1401 1801 1464 1850 56,

183 1865 254 1902 115
283 1863 512 1915 caprimulgi
548 1862 791 1914 appellantur
828 1862 1052 1914 grandioris*
1080 1862 1251 1901 merulae
1278 1859 1466 1915 adspectu

177 1927 282 1965 fures
296 1927 489 1965 nocturni.
517 1950 570 1956 -
598 1927 746 1964 intrant
772 1929 973 1977 pastorum
1002 1926 1154 1963 stabula
1182 1938 1463 1979 caprarumque

178 1990 365 2030 uberibus
396 1990 579 2030 advolant
606 1994 759 2029 suctum
785 1993 939 2043 propter
961 1989 1078 2043 >lactis
1107 2002 1140 2028 e.
1160 2003 1195 2043 q.
1214 1989 1260 2029 s.'
1279 2014 1331 2021 —
1350 1990 1464 2031 Glos-

176 2067 262 2092 sae:
300 2054 541 2105 caprimulgi:
571 2062 762 2105 αἰγοθῆλαι.
805 2054 934 2105 Atque
958 2062 1143 2105 αἰγοθήλας
1165 2054 1274 2092 audit
1301 2067 1349 2093 ea
1375 2056 1464 2106 ipsa

178 2118 260 2157 avis
292 2117 457 2157 Aeliano
493 2117 548 2169 (h
579 2131 611 2158 a.
642 2120 678 2169 3,
709 2119 791 2172 39).
819 2144 872 2150 -
901 2120 965 2160 Ad
999 2120 1163 2159 formam
1191 2116 1336 2157 Statius
1361 2128 1463 2158 com·

177 2183 329 2233 paravit
356 2182 455 2220 illud
483 2182 713 2221 Callimachi
742 2183 793 2232 (h
822 2184 938 2223 Dian.
968 2185 1067 2236 252)
1095 2190 1150 2223 ἐπὶ
1172 2190 1209 2223 δὲ
1231 2191 1351 2236 στρατῑ,
1332 2204 1374 2223 ν
1392 2191 1462 2224 ‘In-

176 2266 268 2297 πηιιο
251 2255 359 2295 ολγῶν
382 2272 421 2277 -
446 2251 553 2298 ἤγαγε
586 2257 787 2300 Κιμμερίων
809 2248 872 2300 (ef.
908 2248 1003 2288 Hes.
1018 2248 1062 2288 fr.
1096 2248 1170 2286 190
1199 2247 1330 2287 Goettl
1334 2248 1400 2301 .),
1411 2248 1462 2288 a³d

174 2312 406 2362 sententiam
424 2312 592 2364 Vulpius
610 2313 718 2352 Pers.
738 2314 806 2365 (V,
829 2314 923 2364 122)
942 2314 1039 2351 haec
1056 2313 1217 2352 miscere
1236 2312 1368 2363 nefas,
1378 2313 1463 2366 nec,

165 2387 262 2430 ,cum
304 2375 356 2414 sis
392 2378 524 2414 cetera
551 2376 699 2427 fossor,
716 2399 766 2405 -——
794 2380 872 2416 tres
899 2380 1048 2416 tantum
1076 2376 1126 2415 ad
1152 2384 1334 2416 numeros
1361 2382 1461 2431 saty-

170 2450 258 2509 >rum
277 2449 465 2479 moveare
492 2439 679 2493 Bathylli.
1308 2460 1310 2462 v
1381 2472 1383 2475 .
1407 2448 1433 2476 -lz
