<?xml version="1.0" encoding="UTF-8"?>
<!DOCTYPE html PUBLIC "-//W3C//DTD XHTML 1.0 Transitional//EN"
    "http://www.w3.org/TR/xhtml1/DTD/xhtml1-transitional.dtd">
<html xmlns="http://www.w3.org/1999/xhtml" xml:lang="en" lang="en">
 <head>
  <title>
</title>
<meta http-equiv="Content-Type" content="text/html;charset=utf-8" />
  <meta name='ocr-system' content='tesseract 3.04.00' />
  <meta name='ocr-capabilities' content='ocr_page ocr_carea ocr_par ocr_line ocrx_word'/>
</head>
<body>
  <div class='ocr_page' id='page_1' title='image "4737325_0029.png"; bbox 0 0 1655 2659; ppageno 0'>
   <div class='ocr_carea' id='block_1_1' title="bbox 0 0 101 65">
    <p class='ocr_par' dir='ltr' id='par_1_1' title="bbox 0 0 101 65">
     <span class='ocr_line' id='line_1_1' title="bbox 0 0 101 65; baseline 0 2594"><span class='ocrx_word' id='word_1_1' title='bbox 0 0 101 65; x_wconf 95' lang='lat' dir='ltr'> </span> 
     </span>
    </p>
   </div>
   <div class='ocr_carea' id='block_1_2' title="bbox 0 2574 137 2659">
    <p class='ocr_par' dir='ltr' id='par_1_2' title="bbox 0 2574 137 2659">
     <span class='ocr_line' id='line_1_2' title="bbox 0 2574 137 2659; baseline 0 0"><span class='ocrx_word' id='word_1_2' title='bbox 0 2574 137 2659; x_wconf 95' lang='lat' dir='ltr'> </span> 
     </span>
    </p>
   </div>
   <div class='ocr_carea' id='block_1_3' title="bbox 725 42 992 86">
    <p class='ocr_par' dir='ltr' id='par_1_3' title="bbox 725 42 992 86">
     <span class='ocr_line' id='line_1_3' title="bbox 725 42 992 86; baseline -0.004 -8"><span class='ocrx_word' id='word_1_3' title='bbox 725 42 882 86; x_wconf 41' lang='lat'>-..‘21</span> <span class='ocrx_word' id='word_1_4' title='bbox 939 70 992 77; x_wconf 80' lang='grc'>.-</span> 
     </span>
    </p>
   </div>
   <div class='ocr_carea' id='block_1_4' title="bbox 211 161 1506 2584">
    <p class='ocr_par' dir='ltr' id='par_1_4' title="bbox 211 161 1506 1671">
     <span class='ocr_line' id='line_1_4' title="bbox 320 161 1503 217; baseline -0.004 -12"><span class='ocrx_word' id='word_1_5' title='bbox 320 165 597 205; x_wconf 88' lang='lat' dir='ltr'>inrumator</span> <span class='ocrx_word' id='word_1_6' title='bbox 628 165 688 215; x_wconf 91' lang='lat'>10,</span> <span class='ocrx_word' id='word_1_7' title='bbox 710 166 758 204; x_wconf 89' lang='lat'>12</span> <span class='ocrx_word' id='word_1_8' title='bbox 785 163 1016 217; x_wconf 87' lang='lat' dir='ltr'>praesertim</span> <span class='ocrx_word' id='word_1_9' title='bbox 1044 161 1182 216; x_wconf 90' lang='lat' dir='ltr'>quibus</span> <span class='ocrx_word' id='word_1_10' title='bbox 1202 165 1307 202; x_wconf 88' lang='lat' dir='ltr'>esset</span> <span class='ocrx_word' id='word_1_11' title='bbox 1326 162 1503 201; x_wconf 78' lang='lat' dir='ltr'>inruma·</span> 
     </span>
     <span class='ocr_line' id='line_1_5' title="bbox 213 227 1504 282; baseline -0.004 -13"><span class='ocrx_word' id='word_1_12' title='bbox 213 234 274 269; x_wconf 93' lang='lat' dir='ltr'>tor</span> <span class='ocrx_word' id='word_1_13' title='bbox 301 254 353 261; x_wconf 89' lang='lat'>-—-</span> <span class='ocrx_word' id='word_1_14' title='bbox 379 230 558 282; x_wconf 86' lang='lat' dir='ltr'>praetor’.</span> <span class='ocrx_word' id='word_1_15' title='bbox 586 228 760 268; x_wconf 86' lang='lat' dir='ltr'>Achilles</span> <span class='ocrx_word' id='word_1_16' title='bbox 787 229 956 268; x_wconf 80' lang='lat' dir='ltr'><strong>Statius:</strong></span> <span class='ocrx_word' id='word_1_17' title='bbox 983 228 1220 279; x_wconf 85' lang='lat' dir='ltr'>praesertim</span> <span class='ocrx_word' id='word_1_18' title='bbox 1234 227 1376 279; x_wconf 88' lang='lat' dir='ltr'>quibus</span> <span class='ocrx_word' id='word_1_19' title='bbox 1396 229 1504 265; x_wconf 84' lang='lat' dir='ltr'>esset</span> 
     </span>
     <span class='ocr_line' id='line_1_6' title="bbox 214 289 1503 345; baseline -0.003 -13"><span class='ocrx_word' id='word_1_20' title='bbox 214 294 423 332; x_wconf 90' lang='lat' dir='ltr'>inrumator</span> <span class='ocrx_word' id='word_1_21' title='bbox 442 316 494 323; x_wconf 91' lang='lat'>—-</span> <span class='ocrx_word' id='word_1_22' title='bbox 513 293 577 345; x_wconf 90' lang='lat' dir='ltr'>qui</span> <span class='ocrx_word' id='word_1_23' title='bbox 604 296 822 345; x_wconf 80' lang='lat' dir='ltr'><strong>praetorem</strong></span> <span class='ocrx_word' id='word_1_24' title='bbox 849 291 1037 330; x_wconf 89' lang='lat' dir='ltr'>haberent</span> <span class='ocrx_word' id='word_1_25' title='bbox 1054 290 1304 330; x_wconf 89' lang='lat' dir='ltr'>libidinosum</span> <span class='ocrx_word' id='word_1_26' title='bbox 1333 303 1380 328; x_wconf 85' lang='lat' dir='ltr'>ac</span> <span class='ocrx_word' id='word_1_27' title='bbox 1405 289 1503 328; x_wconf 85' lang='lat' dir='ltr'>luxu</span> 
     </span>
     <span class='ocr_line' id='line_1_7' title="bbox 214 354 1503 409; baseline -0.003 -13"><span class='ocrx_word' id='word_1_28' title='bbox 214 357 422 409; x_wconf 84' lang='lat' dir='ltr'>perditum.</span> <span class='ocrx_word' id='word_1_29' title='bbox 480 357 591 401; x_wconf 82' lang='lat' dir='ltr'>Quod</span> <span class='ocrx_word' id='word_1_30' title='bbox 619 361 750 395; x_wconf 88' lang='lat' dir='ltr'>contra</span> <span class='ocrx_word' id='word_1_31' title='bbox 780 356 1021 407; x_wconf 77' lang='lat' dir='ltr'>Scaliger-us:</span> <span class='ocrx_word' id='word_1_32' title='bbox 1060 355 1227 405; x_wconf 87' lang='lat' dir='ltr'>foedum,</span> <span class='ocrx_word' id='word_1_33' title='bbox 1256 354 1391 406; x_wconf 89' lang='lat' dir='ltr'>inquit,</span> <span class='ocrx_word' id='word_1_34' title='bbox 1418 366 1503 392; x_wconf 82' lang='lat' dir='ltr'>ver-</span> 
     </span>
     <span class='ocr_line' id='line_1_8' title="bbox 215 418 1502 474; baseline -0.003 -14"><span class='ocrx_word' id='word_1_35' title='bbox 215 421 306 460; x_wconf 90' lang='lat' dir='ltr'>bum</span> <span class='ocrx_word' id='word_1_36' title='bbox 343 435 417 474; x_wconf 93' lang='lat' dir='ltr'>quo</span> <span class='ocrx_word' id='word_1_37' title='bbox 454 425 671 473; x_wconf 80' lang='lat' dir='ltr'>praetorem</span> <span class='ocrx_word' id='word_1_38' title='bbox 701 422 762 460; x_wconf 86' lang='lat' dir='ltr'>hic</span> <span class='ocrx_word' id='word_1_39' title='bbox 790 421 948 472; x_wconf 80' lang='lat' dir='ltr'>apellat,</span> <span class='ocrx_word' id='word_1_40' title='bbox 987 433 1064 458; x_wconf 91' lang='lat' dir='ltr'>non</span> <span class='ocrx_word' id='word_1_41' title='bbox 1092 420 1218 472; x_wconf 90' lang='lat' dir='ltr'>prima</span> <span class='ocrx_word' id='word_1_42' title='bbox 1246 432 1316 457; x_wconf 88' lang='lat' dir='ltr'>sua</span> <span class='ocrx_word' id='word_1_43' title='bbox 1344 418 1502 457; x_wconf 91' lang='lat' dir='ltr'>notione</span> 
     </span>
     <span class='ocr_line' id='line_1_9' title="bbox 216 483 1503 538; baseline -0.002 -14"><span class='ocrx_word' id='word_1_44' title='bbox 216 486 480 538; x_wconf 87' lang='lat' dir='ltr'>accipiendum</span> <span class='ocrx_word' id='word_1_45' title='bbox 507 489 580 525; x_wconf 83' lang='lat' dir='ltr'>est.</span> <span class='ocrx_word' id='word_1_46' title='bbox 638 484 716 524; x_wconf 86' lang='lat' dir='ltr'>Sed</span> <span class='ocrx_word' id='word_1_47' title='bbox 743 486 800 523; x_wconf 89' lang='lat' dir='ltr'>ita</span> <span class='ocrx_word' id='word_1_48' title='bbox 826 484 1016 523; x_wconf 77' lang='lat' dir='ltr'>vocabant</span> <span class='ocrx_word' id='word_1_49' title='bbox 1043 483 1218 522; x_wconf 90' lang='lat' dir='ltr'>homines</span> <span class='ocrx_word' id='word_1_50' title='bbox 1246 484 1418 532; x_wconf 83' lang='lat' dir='ltr'>infestos,</span> <span class='ocrx_word' id='word_1_51' title='bbox 1458 487 1503 521; x_wconf 90' lang='lat' dir='ltr'>ut</span> 
     </span>
     <span class='ocr_line' id='line_1_10' title="bbox 216 546 1503 600; baseline -0.003 -13"><span class='ocrx_word' id='word_1_52' title='bbox 216 553 348 587; x_wconf 88' lang='lat' dir='ltr'>contra</span> <span class='ocrx_word' id='word_1_53' title='bbox 384 550 510 600; x_wconf 90' lang='lat' dir='ltr'>spurci</span> <span class='ocrx_word' id='word_1_54' title='bbox 546 549 680 587; x_wconf 86' lang='lat' dir='ltr'>eadem</span> <span class='ocrx_word' id='word_1_55' title='bbox 707 549 913 586; x_wconf 81' lang='lat' dir='ltr'>tralatione</span> <span class='ocrx_word' id='word_1_56' title='bbox 942 547 1171 585; x_wconf 84' lang='lat' dir='ltr'>dicebantur</span> <span class='ocrx_word' id='word_1_57' title='bbox 1200 546 1376 584; x_wconf 89' lang='lat' dir='ltr'>homines</span> <span class='ocrx_word' id='word_1_58' title='bbox 1404 546 1503 584; x_wconf 92' lang='lat' dir='ltr'>nulli</span> 
     </span>
     <span class='ocr_line' id='line_1_11' title="bbox 215 609 1503 664; baseline -0.002 -13"><span class='ocrx_word' id='word_1_59' title='bbox 215 613 284 651; x_wconf 87' lang='lat' dir='ltr'>rei.</span> <span class='ocrx_word' id='word_1_60' title='bbox 341 612 453 657; x_wconf 88' lang='lat' dir='ltr'>Quod</span> <span class='ocrx_word' id='word_1_61' title='bbox 482 612 565 651; x_wconf 83' lang='lat' dir='ltr'><strong>dixi</strong></span> <span class='ocrx_word' id='word_1_62' title='bbox 594 625 642 651; x_wconf 89' lang='lat' dir='ltr'>ne</span> <span class='ocrx_word' id='word_1_63' title='bbox 670 613 755 664; x_wconf 88' lang='lat' dir='ltr'>quis</span> <span class='ocrx_word' id='word_1_64' title='bbox 784 612 929 664; x_wconf 87' lang='lat' dir='ltr'>aliquid</span> <span class='ocrx_word' id='word_1_65' title='bbox 957 611 1060 650; x_wconf 85' lang='lat' dir='ltr'>foedi</span> <span class='ocrx_word' id='word_1_66' title='bbox 1088 611 1159 649; x_wconf 90' lang='lat' dir='ltr'>sub</span> <span class='ocrx_word' id='word_1_67' title='bbox 1189 624 1236 649; x_wconf 91' lang='lat' dir='ltr'>ea</span> <span class='ocrx_word' id='word_1_68' title='bbox 1264 609 1503 662; x_wconf 84' lang='lat' dir='ltr'>apellatione</span> 
     </span>
     <span class='ocr_line' id='line_1_12' title="bbox 216 673 1502 727; baseline -0.002 -13"><span class='ocrx_word' id='word_1_69' title='bbox 216 677 413 714; x_wconf 83' lang='lat' dir='ltr'>enunciari</span> <span class='ocrx_word' id='word_1_70' title='bbox 431 680 554 727; x_wconf 88' lang='lat' dir='ltr'>putet.</span> <span class='ocrx_word' id='word_1_71' title='bbox 576 676 754 714; x_wconf 81' lang='lat' dir='ltr'>Glossae:</span> <span class='ocrx_word' id='word_1_72' title='bbox 774 689 936 726; x_wconf 90' lang='lat' dir='ltr'>spurcus</span> <span class='ocrx_word' id='word_1_73' title='bbox 957 682 1090 726; x_wconf 73' lang='grc' dir='ltr'><em>ἀχρεῖος</em></span> <span class='ocrx_word' id='word_1_74' title='bbox 1109 680 1147 713; x_wconf 90' lang='lat' dir='ltr'>et</span> <span class='ocrx_word' id='word_1_75' title='bbox 1167 674 1269 725; x_wconf 84' lang='lat' dir='ltr'>apud</span> <span class='ocrx_word' id='word_1_76' title='bbox 1287 673 1502 712; x_wconf 89' lang='lat' dir='ltr'>Lucillium</span> 
     </span>
     <span class='ocr_line' id='line_1_13' title="bbox 215 737 1501 792; baseline -0.002 -14"><span class='ocrx_word' id='word_1_77' title='bbox 215 752 391 792; x_wconf 82' lang='lat' dir='ltr'>spurco</span> <span class='ocrx_word' id='word_1_78' title='bbox 430 752 511 779; x_wconf 90' lang='lat' dir='ltr'>ore</span> <span class='ocrx_word' id='word_1_79' title='bbox 547 752 625 778; x_wconf 93' lang='lat' dir='ltr'>non</span> <span class='ocrx_word' id='word_1_80' title='bbox 659 743 717 778; x_wconf 89' lang='lat' dir='ltr'>est</span> <span class='ocrx_word' id='word_1_81' title='bbox 753 738 793 777; x_wconf 90' lang='lat' dir='ltr'>id</span> <span class='ocrx_word' id='word_1_82' title='bbox 830 738 931 790; x_wconf 92' lang='lat' dir='ltr'>quod</span> <span class='ocrx_word' id='word_1_83' title='bbox 968 739 1165 791; x_wconf 87' lang='lat' dir='ltr'>explicare</span> <span class='ocrx_word' id='word_1_84' title='bbox 1199 750 1276 776; x_wconf 91' lang='lat' dir='ltr'>non</span> <span class='ocrx_word' id='word_1_85' title='bbox 1316 737 1410 776; x_wconf 89' lang='lat' dir='ltr'>sinit</span> <span class='ocrx_word' id='word_1_86' title='bbox 1437 749 1501 775; x_wconf 88' lang='lat' dir='ltr'>me</span> 
     </span>
     <span class='ocr_line' id='line_1_14' title="bbox 213 802 1503 854; baseline -0.003 -12"><span class='ocrx_word' id='word_1_87' title='bbox 213 803 335 854; x_wconf 90' lang='lat' dir='ltr'>pudor</span> <span class='ocrx_word' id='word_1_88' title='bbox 363 816 482 842; x_wconf 88' lang='lat' dir='ltr'>meus.</span> <span class='ocrx_word' id='word_1_89' title='bbox 538 803 722 841; x_wconf 85' lang='lat' dir='ltr'>Lucillius</span> <span class='ocrx_word' id='word_1_90' title='bbox 750 803 833 853; x_wconf 85' lang='lat' dir='ltr'>(ap.</span> <span class='ocrx_word' id='word_1_91' title='bbox 863 802 961 841; x_wconf 85' lang='lat' dir='ltr'>Non.</span> <span class='ocrx_word' id='word_1_92' title='bbox 990 817 1029 854; x_wconf 92' lang='lat' dir='ltr'>p.</span> <span class='ocrx_word' id='word_1_93' title='bbox 1059 802 1157 853; x_wconf 86' lang='lat'>394)</span> <span class='ocrx_word' id='word_1_94' title='bbox 1184 805 1345 853; x_wconf 83' lang='lat' dir='ltr'>praetor</span> <span class='ocrx_word' id='word_1_95' title='bbox 1372 804 1503 839; x_wconf 89' lang='lat' dir='ltr'>noster</span> 
     </span>
     <span class='ocr_line' id='line_1_15' title="bbox 215 866 1503 919; baseline -0.002 -14"><span class='ocrx_word' id='word_1_96' title='bbox 215 866 344 906; x_wconf 89' lang='lat' dir='ltr'>adhuc</span> <span class='ocrx_word' id='word_1_97' title='bbox 372 880 486 919; x_wconf 88' lang='lat' dir='ltr'>quam</span> <span class='ocrx_word' id='word_1_98' title='bbox 515 879 653 918; x_wconf 86' lang='lat' dir='ltr'>spurco</span> <span class='ocrx_word' id='word_1_99' title='bbox 683 871 741 905; x_wconf 91' lang='lat' dir='ltr'>est</span> <span class='ocrx_word' id='word_1_100' title='bbox 770 879 834 905; x_wconf 91' lang='lat' dir='ltr'>ore</span> <span class='ocrx_word' id='word_1_101' title='bbox 862 866 964 918; x_wconf 88' lang='lat' dir='ltr'>quod</span> <span class='ocrx_word' id='word_1_102' title='bbox 992 879 1124 905; x_wconf 89' lang='lat' dir='ltr'>omnes</span> <span class='ocrx_word' id='word_1_103' title='bbox 1153 890 1205 896; x_wconf 90' lang='lat'>—-</span> <span class='ocrx_word' id='word_1_104' title='bbox 1234 868 1346 904; x_wconf 87' lang='lat' dir='ltr'>extra</span> <span class='ocrx_word' id='word_1_105' title='bbox 1374 868 1503 903; x_wconf 83' lang='lat' dir='ltr'>castra</span> 
     </span>
     <span class='ocr_line' id='line_1_16' title="bbox 214 930 1502 981; baseline -0.002 -11"><span class='ocrx_word' id='word_1_106' title='bbox 214 935 256 971; x_wconf 90' lang='lat' dir='ltr'>ut</span> <span class='ocrx_word' id='word_1_107' title='bbox 284 936 428 970; x_wconf 85' lang='lat' dir='ltr'>stercus</span> <span class='ocrx_word' id='word_1_108' title='bbox 455 931 555 970; x_wconf 85' lang='lat' dir='ltr'>foras</span> <span class='ocrx_word' id='word_1_109' title='bbox 584 931 698 970; x_wconf 88' lang='lat' dir='ltr'>eiecit</span> <span class='ocrx_word' id='word_1_110' title='bbox 726 930 775 969; x_wconf 87' lang='lat' dir='ltr'>ad</span> <span class='ocrx_word' id='word_1_111' title='bbox 802 931 946 969; x_wconf 91' lang='lat' dir='ltr'>unum’.</span> <span class='ocrx_word' id='word_1_112' title='bbox 975 955 1029 961; x_wconf 87' lang='lat'>—-</span> <span class='ocrx_word' id='word_1_113' title='bbox 1054 931 1110 970; x_wconf 88' lang='lat' dir='ltr'>At</span> <span class='ocrx_word' id='word_1_114' title='bbox 1148 931 1250 970; x_wconf 90' lang='lat' dir='ltr'>enim</span> <span class='ocrx_word' id='word_1_115' title='bbox 1284 930 1319 968; x_wconf 90' lang='lat' dir='ltr'>si</span> <span class='ocrx_word' id='word_1_116' title='bbox 1346 933 1502 981; x_wconf 86' lang='lat' dir='ltr'>praetor</span> 
     </span>
     <span class='ocr_line' id='line_1_17' title="bbox 214 992 1504 1046; baseline -0.002 -12"><span class='ocrx_word' id='word_1_117' title='bbox 214 1000 297 1034; x_wconf 88' lang='lat' dir='ltr'>erat</span> <span class='ocrx_word' id='word_1_118' title='bbox 333 997 445 1034; x_wconf 91' lang='lat' dir='ltr'>homo</span> <span class='ocrx_word' id='word_1_119' title='bbox 491 1007 678 1046; x_wconf 88' lang='lat' dir='ltr'>nequam,</span> <span class='ocrx_word' id='word_1_120' title='bbox 725 994 931 1032; x_wconf 86' lang='lat' dir='ltr'>admodum</span> <span class='ocrx_word' id='word_1_121' title='bbox 972 994 1160 1033; x_wconf 82' lang='lat' dir='ltr'>credibile</span> <span class='ocrx_word' id='word_1_122' title='bbox 1206 997 1265 1032; x_wconf 89' lang='lat' dir='ltr'>est</span> <span class='ocrx_word' id='word_1_123' title='bbox 1310 1005 1387 1031; x_wconf 91' lang='lat' dir='ltr'>non</span> <span class='ocrx_word' id='word_1_124' title='bbox 1431 992 1504 1044; x_wconf 90' lang='lat' dir='ltr'>pili</span> 
     </span>
     <span class='ocr_line' id='line_1_18' title="bbox 214 1056 1504 1110; baseline -0.002 -13"><span class='ocrx_word' id='word_1_125' title='bbox 214 1072 301 1097; x_wconf 90' lang='lat' dir='ltr'>eum</span> <span class='ocrx_word' id='word_1_126' title='bbox 339 1060 476 1097; x_wconf 81' lang='lat' dir='ltr'>fecisse</span> <span class='ocrx_word' id='word_1_127' title='bbox 519 1059 727 1108; x_wconf 87' lang='lat' dir='ltr'>cohortem,</span> <span class='ocrx_word' id='word_1_128' title='bbox 777 1059 919 1110; x_wconf 86' lang='lat' dir='ltr'>quippe</span> <span class='ocrx_word' id='word_1_129' title='bbox 955 1059 1021 1110; x_wconf 91' lang='lat' dir='ltr'>qui</span> <span class='ocrx_word' id='word_1_130' title='bbox 1063 1058 1161 1096; x_wconf 91' lang='lat' dir='ltr'>nihil</span> <span class='ocrx_word' id='word_1_131' title='bbox 1199 1056 1308 1096; x_wconf 90' lang='lat' dir='ltr'>aliud</span> <span class='ocrx_word' id='word_1_132' title='bbox 1347 1057 1423 1096; x_wconf 86' lang='lat' dir='ltr'>nisi</span> <span class='ocrx_word' id='word_1_133' title='bbox 1460 1061 1504 1095; x_wconf 86' lang='lat' dir='ltr'>ut</span> 
     </span>
     <span class='ocr_line' id='line_1_19' title="bbox 215 1120 1505 1175; baseline -0.002 -13"><span class='ocrx_word' id='word_1_134' title='bbox 215 1123 390 1175; x_wconf 77' lang='lat' dir='ltr'>expleret</span> <span class='ocrx_word' id='word_1_135' title='bbox 417 1123 597 1162; x_wconf 86' lang='lat' dir='ltr'>libidines</span> <span class='ocrx_word' id='word_1_136' title='bbox 626 1135 716 1161; x_wconf 87' lang='lat' dir='ltr'>suas</span> <span class='ocrx_word' id='word_1_137' title='bbox 747 1123 944 1173; x_wconf 82' lang='lat' dir='ltr'>cogitaret.</span> <span class='ocrx_word' id='word_1_138' title='bbox 973 1123 1061 1161; x_wconf 90' lang='lat' dir='ltr'>Huc</span> <span class='ocrx_word' id='word_1_139' title='bbox 1090 1122 1238 1160; x_wconf 88' lang='lat' dir='ltr'>accedit</span> <span class='ocrx_word' id='word_1_140' title='bbox 1273 1120 1375 1173; x_wconf 87' lang='lat' dir='ltr'>quod</span> <span class='ocrx_word' id='word_1_141' title='bbox 1416 1121 1505 1172; x_wconf 88' lang='lat' dir='ltr'>ipsa</span> 
     </span>
     <span class='ocr_line' id='line_1_20' title="bbox 214 1185 1504 1237; baseline -0.002 -11"><span class='ocrx_word' id='word_1_142' title='bbox 214 1187 391 1226; x_wconf 79' lang='lat' dir='ltr'>vocabuli</span> <span class='ocrx_word' id='word_1_143' title='bbox 444 1186 561 1226; x_wconf 90' lang='lat' dir='ltr'>huius</span> <span class='ocrx_word' id='word_1_144' title='bbox 612 1186 840 1237; x_wconf 89' lang='lat' dir='ltr'>significatio</span> <span class='ocrx_word' id='word_1_145' title='bbox 891 1200 968 1225; x_wconf 91' lang='lat' dir='ltr'>non</span> <span class='ocrx_word' id='word_1_146' title='bbox 1022 1187 1113 1225; x_wconf 84' lang='lat' dir='ltr'>sinit</span> <span class='ocrx_word' id='word_1_147' title='bbox 1159 1186 1271 1224; x_wconf 89' lang='lat' dir='ltr'>aliter</span> <span class='ocrx_word' id='word_1_148' title='bbox 1314 1185 1504 1237; x_wconf 88' lang='lat' dir='ltr'>explicari</span> 
     </span>
     <span class='ocr_line' id='line_1_21' title="bbox 215 1250 1504 1302; baseline -0.002 -12"><span class='ocrx_word' id='word_1_149' title='bbox 215 1250 359 1290; x_wconf 87' lang='lat' dir='ltr'>Catulli</span> <span class='ocrx_word' id='word_1_150' title='bbox 399 1251 518 1290; x_wconf 83' lang='lat' dir='ltr'>verba</span> <span class='ocrx_word' id='word_1_151' title='bbox 560 1263 674 1302; x_wconf 88' lang='lat' dir='ltr'>quam</span> <span class='ocrx_word' id='word_1_152' title='bbox 702 1251 917 1302; x_wconf 82' lang='lat' dir='ltr'>explicavit</span> <span class='ocrx_word' id='word_1_153' title='bbox 947 1250 1105 1289; x_wconf 86' lang='lat' dir='ltr'>Statius.</span> <span class='ocrx_word' id='word_1_154' title='bbox 1162 1250 1406 1302; x_wconf 84' lang='lat' dir='ltr'>Quapropter</span> <span class='ocrx_word' id='word_1_155' title='bbox 1426 1262 1504 1288; x_wconf 90' lang='lat' dir='ltr'>non</span> 
     </span>
     <span class='ocr_line' id='line_1_22' title="bbox 211 1313 1501 1367; baseline -0.001 -14"><span class='ocrx_word' id='word_1_156' title='bbox 211 1314 332 1366; x_wconf 90' lang='lat' dir='ltr'>probo</span> <span class='ocrx_word' id='word_1_157' title='bbox 374 1314 562 1366; x_wconf 84' lang='lat' dir='ltr'>Scaligeri</span> <span class='ocrx_word' id='word_1_158' title='bbox 603 1315 982 1367; x_wconf 76' lang='lat' dir='ltr'>interpretationem,</span> <span class='ocrx_word' id='word_1_159' title='bbox 1025 1316 1096 1353; x_wconf 90' lang='lat' dir='ltr'>etsi</span> <span class='ocrx_word' id='word_1_160' title='bbox 1137 1328 1222 1354; x_wconf 90' lang='lat' dir='ltr'>eam</span> <span class='ocrx_word' id='word_1_161' title='bbox 1265 1314 1408 1366; x_wconf 89' lang='lat' dir='ltr'>repetit</span> <span class='ocrx_word' id='word_1_162' title='bbox 1450 1313 1501 1352; x_wconf 88' lang='lat' dir='ltr'>ad</span> 
     </span>
     <span class='ocr_line' id='line_1_23' title="bbox 213 1378 1503 1427; baseline -0.002 -10"><span class='ocrx_word' id='word_1_163' title='bbox 213 1378 276 1426; x_wconf 79' lang='lat'>28,</span> <span class='ocrx_word' id='word_1_164' title='bbox 308 1381 343 1416; x_wconf 80' lang='lat'>7.</span> <span class='ocrx_word' id='word_1_165' title='bbox 364 1402 416 1407; x_wconf 91' lang='lat'>—</span> <span class='ocrx_word' id='word_1_166' title='bbox 434 1378 610 1416; x_wconf 85' lang='lat' dir='ltr'>Eandem</span> <span class='ocrx_word' id='word_1_167' title='bbox 637 1391 772 1416; x_wconf 84' lang='lat' dir='ltr'>vocem</span> <span class='ocrx_word' id='word_1_168' title='bbox 799 1379 921 1417; x_wconf 89' lang='lat' dir='ltr'>habet</span> <span class='ocrx_word' id='word_1_169' title='bbox 948 1379 1068 1416; x_wconf 87' lang='lat' dir='ltr'>Firm.</span> <span class='ocrx_word' id='word_1_170' title='bbox 1097 1379 1194 1417; x_wconf 81' lang='lat' dir='ltr'>Mat.</span> <span class='ocrx_word' id='word_1_171' title='bbox 1224 1379 1260 1427; x_wconf 81' lang='lat'>8,</span> <span class='ocrx_word' id='word_1_172' title='bbox 1291 1378 1363 1416; x_wconf 89' lang='lat'>20:</span> <span class='ocrx_word' id='word_1_173' title='bbox 1386 1381 1503 1415; x_wconf 84' lang='lat' dir='ltr'>sexta</span> 
     </span>
     <span class='ocr_line' id='line_1_24' title="bbox 212 1440 1502 1493; baseline 0 -15"><span class='ocrx_word' id='word_1_174' title='bbox 212 1452 305 1491; x_wconf 86' lang='lat' dir='ltr'>pars</span> <span class='ocrx_word' id='word_1_175' title='bbox 348 1440 469 1479; x_wconf 83' lang='lat' dir='ltr'>Tauri</span> <span class='ocrx_word' id='word_1_176' title='bbox 509 1442 542 1479; x_wconf 89' lang='lat' dir='ltr'>si</span> <span class='ocrx_word' id='word_1_177' title='bbox 582 1442 624 1479; x_wconf 90' lang='lat' dir='ltr'>in</span> <span class='ocrx_word' id='word_1_178' title='bbox 674 1442 885 1493; x_wconf 84' lang='lat' dir='ltr'>horoscopo</span> <span class='ocrx_word' id='word_1_179' title='bbox 931 1441 1048 1479; x_wconf 78' lang='lat' dir='ltr'>fuerit</span> <span class='ocrx_word' id='word_1_180' title='bbox 1097 1442 1278 1492; x_wconf 81' lang='lat' dir='ltr'>inventa,</span> <span class='ocrx_word' id='word_1_181' title='bbox 1328 1440 1502 1479; x_wconf 84' lang='lat' dir='ltr'>exoletos</span> 
     </span>
     <span class='ocr_line' id='line_1_25' title="bbox 212 1498 1505 1557; baseline 0 -15"><span class='ocrx_word' id='word_1_182' title='bbox 212 1498 305 1543; x_wconf 85' lang='lat' dir='ltr'>facit</span> <span class='ocrx_word' id='word_1_183' title='bbox 346 1509 384 1543; x_wconf 91' lang='lat' dir='ltr'>et</span> <span class='ocrx_word' id='word_1_184' title='bbox 426 1505 476 1543; x_wconf 88' lang='lat' dir='ltr'>ad</span> <span class='ocrx_word' id='word_1_185' title='bbox 517 1517 629 1544; x_wconf 89' lang='lat' dir='ltr'>omne</span> <span class='ocrx_word' id='word_1_186' title='bbox 685 1506 918 1557; x_wconf 87' lang='lat' dir='ltr'>impuritatis</span> <span class='ocrx_word' id='word_1_187' title='bbox 955 1505 1092 1543; x_wconf 86' lang='lat' dir='ltr'>vitium</span> <span class='ocrx_word' id='word_1_188' title='bbox 1132 1505 1357 1556; x_wconf 84' lang='lat' dir='ltr'>adplicatos,</span> <span class='ocrx_word' id='word_1_189' title='bbox 1403 1505 1505 1543; x_wconf 79' lang='lat' dir='ltr'>inru-</span> 
     </span>
     <span class='ocr_line' id='line_1_26' title="bbox 214 1568 1506 1621; baseline 0 -14"><span class='ocrx_word' id='word_1_190' title='bbox 214 1571 400 1618; x_wconf 76' lang='lat' dir='ltr'>matures,</span> <span class='ocrx_word' id='word_1_191' title='bbox 453 1568 654 1619; x_wconf 85' lang='lat' dir='ltr'>cinaedos,</span> <span class='ocrx_word' id='word_1_192' title='bbox 695 1573 735 1607; x_wconf 90' lang='lat' dir='ltr'>et</span> <span class='ocrx_word' id='word_1_193' title='bbox 770 1582 866 1621; x_wconf 91' lang='lat' dir='ltr'>quos</span> <span class='ocrx_word' id='word_1_194' title='bbox 914 1570 1044 1620; x_wconf 82' lang='lat' dir='ltr'>gravis</span> <span class='ocrx_word' id='word_1_195' title='bbox 1081 1581 1232 1621; x_wconf 82' lang='lat' dir='ltr'>semper</span> <span class='ocrx_word' id='word_1_196' title='bbox 1276 1569 1405 1621; x_wconf 90' lang='lat' dir='ltr'>pulset</span> <span class='ocrx_word' id='word_1_197' title='bbox 1449 1569 1506 1607; x_wconf 88' lang='lat' dir='ltr'>in-</span> 
     </span>
     <span class='ocr_line' id='line_1_27' title="bbox 214 1632 346 1671; baseline 0.008 -1"><span class='ocrx_word' id='word_1_198' title='bbox 214 1632 346 1671; x_wconf 88' lang='lat' dir='ltr'>famia.</span> 
     </span>
    </p>

    <p class='ocr_par' dir='ltr' id='par_1_5' title="bbox 321 1695 986 1748">
     <span class='ocr_line' id='line_1_28' title="bbox 321 1695 986 1748; baseline 0.003 -14"><span class='ocrx_word' id='word_1_199' title='bbox 321 1695 488 1748; x_wconf 87' lang='lat' dir='ltr'>Reliqua</span> <span class='ocrx_word' id='word_1_200' title='bbox 515 1696 754 1736; x_wconf 81' lang='lat' dir='ltr'>substantiva</span> <span class='ocrx_word' id='word_1_201' title='bbox 779 1698 876 1736; x_wconf 90' lang='lat' dir='ltr'>haec</span> <span class='ocrx_word' id='word_1_202' title='bbox 895 1701 986 1744; x_wconf 88' lang='lat' dir='ltr'>sunt</span> 
     </span>
    </p>

    <p class='ocr_par' dir='ltr' id='par_1_6' title="bbox 213 1760 1505 2584">
     <span class='ocr_line' id='line_1_29' title="bbox 321 1760 1500 1811; baseline 0.002 -14"><span class='ocrx_word' id='word_1_203' title='bbox 321 1760 466 1798; x_wconf 90' lang='lat' dir='ltr'>acina</span> <span class='ocrx_word' id='word_1_204' title='bbox 494 1762 557 1806; x_wconf 79' lang='lat'>27,</span> <span class='ocrx_word' id='word_1_205' title='bbox 601 1762 626 1799; x_wconf 90' lang='grc'><strong>4</strong></span> <span class='ocrx_word' id='word_1_206' title='bbox 654 1764 698 1799; x_wconf 91' lang='lat' dir='ltr'>ut</span> <span class='ocrx_word' id='word_1_207' title='bbox 724 1761 789 1799; x_wconf 86' lang='lat' dir='ltr'>lex</span> <span class='ocrx_word' id='word_1_208' title='bbox 817 1761 1043 1800; x_wconf 85' lang='lat' dir='ltr'>Postumiae</span> <span class='ocrx_word' id='word_1_209' title='bbox 1070 1761 1179 1800; x_wconf 90' lang='lat' dir='ltr'>iubet</span> <span class='ocrx_word' id='word_1_210' title='bbox 1204 1761 1418 1811; x_wconf 84' lang='lat' dir='ltr'>magistrae</span> <span class='ocrx_word' id='word_1_211' title='bbox 1446 1784 1500 1790; x_wconf 80' lang='lat'>-·</span> 
     </span>
     <span class='ocr_line' id='line_1_30' title="bbox 215 1823 1502 1873; baseline 0.002 -12"><span class='ocrx_word' id='word_1_212' title='bbox 215 1823 366 1862; x_wconf 86' lang='lat' dir='ltr'>ebriosa</span> <span class='ocrx_word' id='word_1_213' title='bbox 406 1824 518 1862; x_wconf 88' lang='lat' dir='ltr'>acina</span> <span class='ocrx_word' id='word_1_214' title='bbox 555 1824 801 1863; x_wconf 82' lang='lat' dir='ltr'>ebriosioris‘.</span> <span class='ocrx_word' id='word_1_215' title='bbox 831 1825 938 1864; x_wconf 87' lang='lat' dir='ltr'>Citat</span> <span class='ocrx_word' id='word_1_216' title='bbox 964 1823 1068 1863; x_wconf 85' lang='lat' dir='ltr'>hunc</span> <span class='ocrx_word' id='word_1_217' title='bbox 1093 1825 1220 1863; x_wconf 89' lang='lat' dir='ltr'>locum</span> <span class='ocrx_word' id='word_1_218' title='bbox 1250 1824 1401 1863; x_wconf 82' lang='lat' dir='ltr'>Gellius</span> <span class='ocrx_word' id='word_1_219' title='bbox 1428 1824 1502 1873; x_wconf 83' lang='lat' dir='ltr'>VI,</span> 
     </span>
     <span class='ocr_line' id='line_1_31' title="bbox 216 1879 1503 1941; baseline 0.002 -16"><span class='ocrx_word' id='word_1_220' title='bbox 216 1887 280 1936; x_wconf 85' lang='lat'>20,</span> <span class='ocrx_word' id='word_1_221' title='bbox 310 1888 333 1925; x_wconf 87' lang='grc'>6</span> <span class='ocrx_word' id='word_1_222' title='bbox 372 1888 481 1926; x_wconf 88' lang='lat' dir='ltr'>cuius</span> <span class='ocrx_word' id='word_1_223' title='bbox 515 1886 614 1926; x_wconf 87' lang='lat' dir='ltr'>haec</span> <span class='ocrx_word' id='word_1_224' title='bbox 649 1891 739 1927; x_wconf 88' lang='lat' dir='ltr'>sunt</span> <span class='ocrx_word' id='word_1_225' title='bbox 766 1888 884 1927; x_wconf 83' lang='lat' dir='ltr'>verba</span> <span class='ocrx_word' id='word_1_226' title='bbox 922 1888 1124 1939; x_wconf 85' lang='lat' dir='ltr'>emendata</span> <span class='ocrx_word' id='word_1_227' title='bbox 1150 1879 1222 1926; x_wconf 91' lang='lat' dir='ltr'>illa</span> <span class='ocrx_word' id='word_1_228' title='bbox 1249 1887 1298 1927; x_wconf 91' lang='lat' dir='ltr'>ab</span> <span class='ocrx_word' id='word_1_229' title='bbox 1325 1888 1503 1941; x_wconf 87' lang='lat' dir='ltr'>Hauptio</span> 
     </span>
     <span class='ocr_line' id='line_1_32' title="bbox 214 1950 1505 2004; baseline 0.004 -17"><span class='ocrx_word' id='word_1_230' title='bbox 214 1951 291 1988; x_wconf 86' lang='lat' dir='ltr'>ind.</span> <span class='ocrx_word' id='word_1_231' title='bbox 320 1951 405 1988; x_wconf 90' lang='lat' dir='ltr'>lect.</span> <span class='ocrx_word' id='word_1_232' title='bbox 432 1950 551 1989; x_wconf 90' lang='lat' dir='ltr'>berol.</span> <span class='ocrx_word' id='word_1_233' title='bbox 581 1956 676 1990; x_wconf 83' lang='lat' dir='ltr'>aest.</span> <span class='ocrx_word' id='word_1_234' title='bbox 705 1953 805 1991; x_wconf 80' lang='lat'>1857</span> <span class='ocrx_word' id='word_1_235' title='bbox 834 1965 873 2004; x_wconf 91' lang='lat' dir='ltr'>p.</span> <span class='ocrx_word' id='word_1_236' title='bbox 893 1954 930 1990; x_wconf 87' lang='lat'>4.</span> <span class='ocrx_word' id='word_1_237' title='bbox 959 1952 1140 1991; x_wconf 84' lang='lat' dir='ltr'>Catullus</span> <span class='ocrx_word' id='word_1_238' title='bbox 1171 1964 1320 2004; x_wconf 86' lang='lat' dir='ltr'>quoque</span> <span class='ocrx_word' id='word_1_239' title='bbox 1348 1952 1505 2004; x_wconf 84' lang='lat' dir='ltr'>elegan-</span> 
     </span>
     <span class='ocr_line' id='line_1_33' title="bbox 216 2013 1503 2068; baseline 0.004 -17"><span class='ocrx_word' id='word_1_240' title='bbox 216 2013 383 2052; x_wconf 86' lang='lat' dir='ltr'>tissimus</span> <span class='ocrx_word' id='word_1_241' title='bbox 411 2018 612 2065; x_wconf 88' lang='lat' dir='ltr'>poetarum</span> <span class='ocrx_word' id='word_1_242' title='bbox 639 2015 680 2053; x_wconf 89' lang='lat' dir='ltr'>in</span> <span class='ocrx_word' id='word_1_243' title='bbox 705 2015 812 2054; x_wconf 87' lang='lat' dir='ltr'>hisce</span> <span class='ocrx_word' id='word_1_244' title='bbox 840 2015 1021 2054; x_wconf 84' lang='lat' dir='ltr'>versibus</span> <span class='ocrx_word' id='word_1_245' title='bbox 1050 2016 1237 2066; x_wconf 51' lang='lat' dir='ltr'>‘minister</span> <span class='ocrx_word' id='word_1_246' title='bbox 1255 2016 1379 2055; x_wconf 81' lang='lat' dir='ltr'>vetuli</span> <span class='ocrx_word' id='word_1_247' title='bbox 1406 2028 1503 2068; x_wconf 89' lang='lat' dir='ltr'>puer</span> 
     </span>
     <span class='ocr_line' id='line_1_34' title="bbox 215 2076 1503 2129; baseline 0.004 -14"><span class='ocrx_word' id='word_1_248' title='bbox 215 2076 373 2116; x_wconf 84' lang='lat' dir='ltr'>Falerni</span> <span class='ocrx_word' id='word_1_249' title='bbox 392 2102 445 2107; x_wconf 97' lang='lat'><strong>—</strong></span> <span class='ocrx_word' id='word_1_250' title='bbox 471 2077 594 2117; x_wconf 84' lang='lat' dir='ltr'>Ebria</span> <span class='ocrx_word' id='word_1_251' title='bbox 620 2078 846 2129; x_wconf 87' lang='lat' dir='ltr'>(ebriosa</span> <span class='ocrx_word' id='word_1_252' title='bbox 873 2077 982 2129; x_wconf 88' lang='lat' dir='ltr'>libri)</span> <span class='ocrx_word' id='word_1_253' title='bbox 1011 2080 1124 2118; x_wconf 87' lang='lat' dir='ltr'>acina</span> <span class='ocrx_word' id='word_1_254' title='bbox 1152 2079 1388 2119; x_wconf 87' lang='lat' dir='ltr'>ebriosioris’</span> <span class='ocrx_word' id='word_1_255' title='bbox 1416 2093 1503 2120; x_wconf 90' lang='lat' dir='ltr'>cum</span> 
     </span>
     <span class='ocr_line' id='line_1_35' title="bbox 216 2141 1503 2195; baseline 0.002 -16"><span class='ocrx_word' id='word_1_256' title='bbox 216 2141 345 2180; x_wconf 87' lang='lat' dir='ltr'>dicere</span> <span class='ocrx_word' id='word_1_257' title='bbox 362 2142 495 2193; x_wconf 53' lang='lat' dir='ltr'>‘ebrio’</span> <span class='ocrx_word' id='word_1_258' title='bbox 513 2142 731 2194; x_wconf 87' lang='lat' dir='ltr'>(ebrioso</span> <span class='ocrx_word' id='word_1_259' title='bbox 759 2143 871 2195; x_wconf 83' lang='lat' dir='ltr'>libri)</span> <span class='ocrx_word' id='word_1_260' title='bbox 891 2147 1022 2195; x_wconf 90' lang='lat' dir='ltr'>posset</span> <span class='ocrx_word' id='word_1_261' title='bbox 1040 2148 1080 2182; x_wconf 92' lang='lat' dir='ltr'>et</span> <span class='ocrx_word' id='word_1_262' title='bbox 1098 2143 1202 2195; x_wconf 90' lang='lat' dir='ltr'>quod</span> <span class='ocrx_word' id='word_1_263' title='bbox 1219 2148 1306 2182; x_wconf 89' lang='lat' dir='ltr'>erat</span> <span class='ocrx_word' id='word_1_264' title='bbox 1324 2144 1503 2183; x_wconf 86' lang='lat' dir='ltr'>usitatius</span> 
     </span>
     <span class='ocr_line' id='line_1_36' title="bbox 215 2206 1504 2260; baseline 0.004 -16"><span class='ocrx_word' id='word_1_265' title='bbox 215 2206 368 2245; x_wconf 85' lang='lat' dir='ltr'>acinum</span> <span class='ocrx_word' id='word_1_266' title='bbox 396 2207 436 2245; x_wconf 92' lang='lat' dir='ltr'>in</span> <span class='ocrx_word' id='word_1_267' title='bbox 463 2211 603 2246; x_wconf 83' lang='lat' dir='ltr'>neutro</span> <span class='ocrx_word' id='word_1_268' title='bbox 632 2219 774 2259; x_wconf 89' lang='lat' dir='ltr'>genere</span> <span class='ocrx_word' id='word_1_269' title='bbox 810 2209 1020 2260; x_wconf 86' lang='lat' dir='ltr'>appellare,</span> <span class='ocrx_word' id='word_1_270' title='bbox 1059 2221 1193 2248; x_wconf 89' lang='lat' dir='ltr'>amans</span> <span class='ocrx_word' id='word_1_271' title='bbox 1217 2212 1349 2248; x_wconf 89' lang='lat' dir='ltr'>tamen</span> <span class='ocrx_word' id='word_1_272' title='bbox 1375 2209 1504 2249; x_wconf 79' lang='lat' dir='ltr'>hiatus</span> 
     </span>
     <span class='ocr_line' id='line_1_37' title="bbox 215 2271 1504 2325; baseline 0.002 -16"><span class='ocrx_word' id='word_1_273' title='bbox 215 2271 320 2309; x_wconf 91' lang='lat' dir='ltr'>illius</span> <span class='ocrx_word' id='word_1_274' title='bbox 349 2271 535 2310; x_wconf 90' lang='lat' dir='ltr'>homerici</span> <span class='ocrx_word' id='word_1_275' title='bbox 564 2273 795 2311; x_wconf 85' lang='lat' dir='ltr'>suavitatem</span> <span class='ocrx_word' id='word_1_276' title='bbox 823 2272 994 2324; x_wconf 63' lang='lat' dir='ltr'>,ebriam’</span> <span class='ocrx_word' id='word_1_277' title='bbox 1017 2273 1282 2324; x_wconf 88' lang='lat' dir='ltr'>(ebriosam</span> <span class='ocrx_word' id='word_1_278' title='bbox 1308 2273 1421 2325; x_wconf 87' lang='lat' dir='ltr'>libri)</span> <span class='ocrx_word' id='word_1_279' title='bbox 1448 2273 1504 2312; x_wconf 91' lang='lat' dir='ltr'>di-</span> 
     </span>
     <span class='ocr_line' id='line_1_38' title="bbox 214 2335 1504 2389; baseline 0.003 -16"><span class='ocrx_word' id='word_1_280' title='bbox 214 2335 276 2373; x_wconf 85' lang='lat' dir='ltr'>xit</span> <span class='ocrx_word' id='word_1_281' title='bbox 293 2338 451 2387; x_wconf 91' lang='lat' dir='ltr'>propter</span> <span class='ocrx_word' id='word_1_282' title='bbox 467 2335 704 2388; x_wconf 88' lang='lat' dir='ltr'>insequentis</span> <span class='ocrx_word' id='word_1_283' title='bbox 733 2348 757 2374; x_wconf 88' lang='lat' dir='ltr'>a</span> <span class='ocrx_word' id='word_1_284' title='bbox 783 2335 940 2376; x_wconf 87' lang='lat' dir='ltr'>litterae</span> <span class='ocrx_word' id='word_1_285' title='bbox 959 2341 1197 2376; x_wconf 89' lang='lat' dir='ltr'>concentum.</span> <span class='ocrx_word' id='word_1_286' title='bbox 1226 2336 1302 2382; x_wconf 88' lang='lat' dir='ltr'>Qui</span> <span class='ocrx_word' id='word_1_287' title='bbox 1328 2337 1504 2389; x_wconf 57' lang='lat' dir='ltr'>‘ebriosa’</span> 
     </span>
     <span class='ocr_line' id='line_1_39' title="bbox 214 2398 1503 2452; baseline 0.002 -15"><span class='ocrx_word' id='word_1_288' title='bbox 214 2398 405 2449; x_wconf 87' lang='lat' dir='ltr'>(ebrios</span> <span class='ocrx_word' id='word_1_289' title='bbox 431 2399 540 2449; x_wconf 88' lang='lat' dir='ltr'>libri)</span> <span class='ocrx_word' id='word_1_290' title='bbox 569 2403 698 2438; x_wconf 89' lang='lat' dir='ltr'>autem</span> <span class='ocrx_word' id='word_1_291' title='bbox 719 2399 918 2439; x_wconf 84' lang='lat' dir='ltr'>Catullum</span> <span class='ocrx_word' id='word_1_292' title='bbox 944 2401 1090 2440; x_wconf 90' lang='lat' dir='ltr'>dixisse</span> <span class='ocrx_word' id='word_1_293' title='bbox 1108 2404 1247 2452; x_wconf 86' lang='lat' dir='ltr'>putant</span> <span class='ocrx_word' id='word_1_294' title='bbox 1274 2405 1342 2439; x_wconf 89' lang='lat' dir='ltr'>aut</span> <span class='ocrx_word' id='word_1_295' title='bbox 1365 2401 1503 2452; x_wconf 62' lang='lat' dir='ltr'>‘ebrio-</span> 
     </span>
     <span class='ocr_line' id='line_1_40' title="bbox 215 2458 1502 2519; baseline 0.003 -18"><span class='ocrx_word' id='word_1_296' title='bbox 215 2461 269 2501; x_wconf 89' lang='lat' dir='ltr'>so’</span> <span class='ocrx_word' id='word_1_297' title='bbox 291 2458 551 2519; x_wconf 70' lang='lat' dir='ltr'>(ebriosos</span> <span class='ocrx_word' id='word_1_298' title='bbox 588 2462 700 2515; x_wconf 89' lang='lat' dir='ltr'>libri)</span> <span class='ocrx_word' id='word_1_299' title='bbox 719 2487 772 2494; x_wconf 93' lang='lat'>-—</span> <span class='ocrx_word' id='word_1_300' title='bbox 791 2463 882 2504; x_wconf 87' lang='lat' dir='ltr'>nam</span> <span class='ocrx_word' id='word_1_301' title='bbox 908 2463 950 2505; x_wconf 91' lang='lat' dir='ltr'>id</span> <span class='ocrx_word' id='word_1_302' title='bbox 977 2477 1128 2518; x_wconf 87' lang='lat' dir='ltr'>quoque</span> <span class='ocrx_word' id='word_1_303' title='bbox 1146 2468 1295 2504; x_wconf 82' lang='lat' dir='ltr'>temere</span> <span class='ocrx_word' id='word_1_304' title='bbox 1315 2466 1502 2518; x_wconf 87' lang='lat' dir='ltr'>scriptum</span> 
     </span>
     <span class='ocr_line' id='line_1_41' title="bbox 213 2525 1502 2584; baseline 0.004 -20"><span class='ocrx_word' id='word_1_305' title='bbox 213 2525 410 2584; x_wconf 78' lang='lat' dir='ltr'>invenitur</span> <span class='ocrx_word' id='word_1_306' title='bbox 417 2550 470 2557; x_wconf 93' lang='lat'>--</span> <span class='ocrx_word' id='word_1_307' title='bbox 477 2527 519 2566; x_wconf 87' lang='lat' dir='ltr'>in</span> <span class='ocrx_word' id='word_1_308' title='bbox 532 2526 652 2566; x_wconf 85' lang='lat' dir='ltr'>libros</span> <span class='ocrx_word' id='word_1_309' title='bbox 661 2527 809 2566; x_wconf 84' lang='lat' dir='ltr'>scilicet</span> <span class='ocrx_word' id='word_1_310' title='bbox 821 2528 870 2567; x_wconf 87' lang='lat' dir='ltr'>de</span> <span class='ocrx_word' id='word_1_311' title='bbox 883 2529 1072 2581; x_wconf 86' lang='lat' dir='ltr'>corruptis</span> <span class='ocrx_word' id='word_1_312' title='bbox 1085 2528 1374 2582; x_wconf 82' lang='lat' dir='ltr'>exemplaribus</span> <span class='ocrx_word' id='word_1_313' title='bbox 1381 2529 1502 2570; x_wconf 72' lang='lat' dir='ltr'>factos</span> 
     </span>
    </p>
   </div>
  </div>
 </body>
</html>
