1655 2659
658 34 919 72 ...16—

140 162 209 187 sus
237 148 507 197 difficultatem
537 151 793 202 conabantur,
823 163 1057 203 percensere
1084 152 1301 191 accuratius
1327 153 1438 204 nolo3

137 212 236 251 illud
263 226 562 253 commemorare
580 215 675 255 satis
694 216 829 266 habeo,
868 215 1051 255 Vossium
1079 215 1193 255 solita
1206 216 1436 258 infelicitate

138 277 351 315 coniecisse
392 278 704 329 salapittium
750 280 847 330 (vid,
878 281 1002 332 ipsius
1045 279 1195 319 observ.
1239 282 1312 320 118
1345 282 1434 334 sq.),

140 340 374 380 Salmasium
402 342 563 382 exercit.
592 343 695 383 Plin.
714 343 746 395 I,
777 343 855 385 506
884 344 1225 397 salopugium.
1268 345 1436 399 Vulpius

139 418 189 442 ne
231 405 333 443 lecto
376 407 533 455 quidem
548 436 558 456 ,
605 411 649 444 ut
700 408 867 457 videtur,
910 409 1098 459 Scaligeri
1159 411 1436 449 commentario

135 468 303 506 Manutii
331 468 594 508 coniecturam
619 471 790 509 retinuit.

268 532 294 570 J
297 545 359 569 am
402 532 452 570 ad
494 546 542 571 ea
583 534 829 573 substantiva
871 538 1049 585 transeo,
1091 548 1190 586 quae
1226 549 1251 574 a
1278 536 1432 576 Catullo
1481 575 1484 579 ,

136 598 204 632 aut
249 595 338 633 ficta
383 599 472 634 sunt
515 601 582 636 aut
624 601 729 636 certe
774 598 865 637 ficta
903 611 987 638 esse
1022 602 1197 650 possunt.
1253 599 1427 645 Quorum

137 660 261 711 primo
289 660 376 699 loco
395 674 540 712 ponam
568 661 820 713 deminutiva,
839 663 961 702 altero
987 663 1231 703 substantiva
1250 664 1431 704 verbalia

138 725 177 762 in
207 749 258 753 —
285 725 341 764 tio
370 729 411 763 et
440 750 490 755 —-
519 730 578 765 tor
606 728 804 778 exeuntia,
833 729 948 766 tertio
979 729 1143 780 reliqua.

265 788 325 827 Ac
354 789 592 830 deminutiva
620 791 778 842 quidem
807 791 914 843 apud
941 792 1066 831 solum
1091 791 1286 832 Catullum
1314 796 1355 832 et
1372 793 1431 833 in·

135 852 250 891 fimae
280 854 417 892 aetatis
445 855 654 906 scriptores
685 856 806 894 semel
833 856 943 895 bisve
972 860 1180 895 occurrunt
1206 857 1323 896 haec:

242 916 560 956 brachiolum
591 917 653 968 61,
673 919 746 957 177
768 918 877 956 mitte
896 918 1140 957 brachiolum
1159 919 1290 957 teres’.
1319 920 1428 959 Idem

137 992 277 1018 nomen
303 981 528 1020 musculum
555 981 749 1033 quendam
767 981 1014 1033 significabat
1032 983 1073 1022 in
1092 995 1252 1035 corpore
1274 984 1429 1036 equino.

134 1044 273 1096 Veget.
315 1046 477 1084 veterin.
510 1047 544 1095 1,
575 1047 639 1096 25,
669 1047 716 1084 4:
758 1046 899 1097 quibus
941 1050 1069 1085 autem
1109 1047 1243 1098 pulmo
1289 1051 1350 1086 est
1389 1049 1430 1088 in

136 1122 254 1147 causa
295 1110 358 1149 vel
394 1110 515 1160 iecur,
551 1110 617 1149 vel
646 1113 790 1160 cetera,
819 1123 922 1162 quae
950 1111 1011 1149 his
1039 1111 1169 1150 vicina
1195 1114 1285 1149 sunt
1310 1124 1429 1151 mem-

134 1172 226 1223 bris,
268 1174 316 1212 de
343 1176 501 1225 pectore
541 1174 774 1212 minuendus
817 1178 877 1213 est
918 1175 988 1224 (sc.
1019 1175 1200 1226 sanguis)
1228 1187 1279 1213 ex
1305 1176 1430 1227 venis,

134 1250 235 1289 quae
269 1238 396 1290 posita
433 1241 524 1277 sunt
557 1237 598 1275 in
625 1238 768 1277 dextra
795 1251 841 1277 ac
868 1238 1037 1288 sinistra,
1066 1238 1134 1277 ubi
1161 1238 1429 1279 brachiola

133 1302 420 1353 coniunguntur
448 1307 487 1341 et
514 1303 666 1341 flexura
692 1302 748 1352 fit,
767 1315 855 1341 cum
883 1315 1014 1340 armus
1037 1302 1224 1353 plicatur’.
1254 1303 1424 1342 Tertiam

132 1366 330 1405 notionem
372 1366 493 1405 habes
534 1366 573 1404 in
603 1365 760 1417 vulgata
787 1365 862 1418 (II.
891 1365 1022 1405 chron.
1054 1366 1090 1417 9,
1122 1366 1190 1418 18)
1217 1366 1421 1406 brachiola

133 1430 208 1468 duo
249 1431 484 1469 altrinsecus
526 1431 596 1481 (sc.
640 1430 748 1481 solii)
785 1434 825 1469 et
854 1431 948 1469 duos
975 1431 1108 1469 leones
1138 1435 1287 1469 stantes
1315 1432 1428 1470 iuxta

133 1493 343 1544 brachiola,
384 1494 450 1533 ubi
488 1494 578 1532 solii
606 1507 695 1546 pars
723 1506 781 1544 ea,
810 1506 886 1545 qua
913 1494 1091 1532 nituntur
1118 1493 1280 1534 brachia
1308 1495 1428 1547 (Leh-

132 1560 231 1608 nen)
259 1558 523 1608 intellegenda
542 1562 613 1597 est.

262 1613 468 1660 femella
497 1623 559 1672 55,
590 1623 611 1659 7
641 1622 816 1660 femellas
845 1634 990 1672 omnes,
1020 1622 1156 1673 amice,
1183 1622 1344 1675 prendi’.

259 1686 537 1726 medullula
576 1686 648 1737 25,
685 1686 710 1727 2
746 1686 901 1725 mollior
928 1711 980 1716 —
1009 1686 1073 1726 vel
1103 1687 1251 1727 anseris
1278 1687 1426 1727 medul-

130 1751 211 1788 lula
229 1752 292 1789 vel
309 1752 429 1789 imula
447 1751 619 1791 oricilla'.
647 1751 872 1789 medulla
893 1750 942 1789 V.
962 1750 1027 1789 Ad
1055 1753 1286 1790 sententiam
1315 1756 1422 1791 recte

130 1815 362 1867 interpretes
391 1818 711 1868 comparaverunt
739 1814 836 1854 illud
863 1815 904 1854 in
923 1815 1102 1868 Priapeis
1133 1814 1197 1866 64,
1222 1816 1239 1854 1
1262 1815 1419 1867 quidam

130 1880 282 1918 mollior
323 1881 475 1918 anseris
504 1880 677 1918 medulla
717 1902 769 1908 —
811 1880 983 1917 furatum
1022 1880 1132 1918 venit
1168 1880 1246 1917 huc
1284 1892 1428 1926 amore,

129 1943 302 1994 poenae!

258 2007 310 2045 ib.
349 2007 562 2045 oricilla
598 2008 698 2058 quod
727 2007 949 2058 Scaligerus
977 2007 1150 2046 restituit
1177 2019 1246 2058 pro
1273 2006 1421 2046 Veron.

130 2070 321 2121 scriptura
348 2071 632 2120 moricilla,
674 2072 716 2109 in
743 2084 879 2110 eorum
908 2075 968 2110 est
995 2083 1155 2110 numero
1183 2069 1417 2120 habendum,

129 2146 292 2185 quorum
339 2132 536 2185 duplicata
584 2138 642 2173 est
689 2134 922 2185 deminutio,
973 2147 1075 2187 quae
1118 2133 1280 2185 collegit
1323 2134 1420 2173 Luc.

128 2198 342 2236 Muellerus
372 2199 412 2235 in
449 2199 530 2236 ind.
561 2211 724 2248 gramm.
755 2212 794 2250 p.
826 2200 914 2237 130.
955 2199 1028 2237 Est
1063 2199 1167 2236 enim
1196 2197 1425 2236 deducenda

128 2262 225 2300 haec
271 2274 350 2300 vox
397 2274 421 2300 a
466 2262 593 2301 forma
636 2262 837 2301 deminuta
865 2262 1107 2302 auricula.
1165 2263 1344 2303 Ceterum
1373 2260 1423 2300 cf.

127 2326 234 2363 Fest.
262 2339 300 2376 p.
334 2327 421 2375 185,
452 2328 500 2363 15
529 2340 559 2364 s.
589 2340 625 2364 v.
656 2330 778 2364 orata.
818 2330 963 2365 orata
991 2339 1114 2376 genus
1141 2327 1262 2377 piscis
1290 2325 1424 2375 appel-

126 2389 231 2427 latur
273 2402 296 2428 a
339 2389 466 2428 colore
509 2389 605 2439 auri,
649 2389 752 2440 quod
794 2389 936 2429 rustici
977 2401 1113 2429 oram
1157 2388 1350 2437 dicebant,
1379 2389 1424 2426 ut

126 2454 334 2491 auriculas
380 2454 586 2491 oriculas'.
643 2454 706 2492 Ad
748 2455 984 2493 sententiam
1028 2454 1077 2492 cf.
1108 2453 1188 2491 Cic.
1220 2453 1270 2490 ad
1301 2452 1347 2496 Q.
1377 2452 1422 2489 fr.

126 2516 180 2567 II,
212 2517 273 2566 13,
301 2518 326 2554 4
354 2515 435 2565 (ed.
464 2516 601 2568 Klotz)
630 2520 670 2555 et
698 2529 782 2555 esse
811 2520 851 2555 et
877 2516 959 2555 fore
988 2516 1084 2568 (me)
1113 2516 1260 2566 oricula
1287 2515 1425 2561 infima

1620 312 1655 373 {2³}

1559 478 1564 480 .
1611 428 1655 513 &a
