1655 2659
740 73 794 79 -
848 36 1065 89 26“-·

352 163 673 203 mollicellus
716 166 783 216 25,
832 165 881 205 10
915 178 963 207 ne
983 166 1147 219 laneum
1173 163 1405 207 latusculum
1430 166 1511 207 nia·

224 241 375 278 nusque
417 229 649 267 mollicellas
692 252 745 258 —-
775 230 904 268 inusta
933 230 1095 281 turpiter
1122 231 1194 268 tibi
1230 231 1387 281 flagella-
1422 230 1512 270 can-

224 291 458 329 scribillent’.
487 292 695 342 Duplicata
737 292 971 343 deminutio;
1014 297 1072 332 est
1114 293 1218 332 enim
1245 293 1512 333 deducendum

224 356 297 393 hoc
326 355 561 393 adiectivum
591 369 614 393 a
645 356 881 395 deminutivo
920 358 1235 405 molliculus,
1274 359 1376 409 quod
1405 363 1513 397 extat

224 438 284 475 ap.
315 424 456 463 Catull.
492 426 550 473 16,
580 425 615 462 4.
639 425 765 464 Plaut.
796 426 886 464 Cas.
918 427 966 476 2,
1010 428 1059 476 8,
1098 427 1147 464 55
1188 425 1302 476 (383)
1329 425 1450 462 Poen.
1479 423 1511 473 I,

224 490 260 539 2,
293 489 366 526 154
395 488 509 539 (236)
541 488 694 526 Charis.
730 490 800 527 183
830 490 872 527 Ρ.
903 490 1014 541 (198,
1042 492 1088 528 19
1118 490 1253 541 Keil).

350 552 636 603 pallidulus
669 552 729 602 65,
760 554 782 590 6
812 554 1044 605 pallidulum
1077 567 1241 593 manans
1272 553 1384 593 alluit
1410 551 1514 590 unda

221 616 384 667 pedem’.
430 616 582 655 Eodem
612 617 807 655 adiectivo
835 631 926 656 usus
956 623 1016 657 est
1042 619 1264 657 Hadrianus
1293 631 1353 669 ap.
1381 616 1510 668 Spart.

220 680 345 720 Hadr.
391 682 440 718 25
485 693 583 731 quae
613 681 819 732 (animula)
856 695 957 721 nunc
987 684 1110 722 abibis
1139 684 1179 721 in
1207 684 1294 722 loca
1320 705 1373 711 —
1399 680 1512 732 palli-

221 744 325 794 dula,
354 745 493 795 rigida,
523 746 679 783 nudula.

350 809 704 859 perlucidulus
748 814 819 861 69,
856 813 880 849 4
921 824 998 849 non
1030 812 1063 849 si
1091 811 1200 849 illam
1229 823 1340 848 rarae
1366 808 1510 846 labefa-

222 875 304 910 ctes
333 885 492 911 munere
523 875 645 913 vestis
666 900 718 905 —
737 880 804 914 aut
832 875 1063 927 perluciduli
1090 874 1242 913 deliciis
1270 872 1434 925 lapidis'.
1460 894 1507 900 -—

219 935 456 986 Exemplum
500 937 681 977 adiectivi
724 939 953 978 deminutivi
999 952 1086 976 cum
1112 938 1248 988 partic.
1288 936 1381 988 ‘per'
1411 947 1509 973 com-

218 1000 335 1050 positi
363 1004 516 1050 praeter
545 1003 618 1039 hoc
648 1016 724 1040 non
754 1007 862 1040 extat
890 1006 1061 1046 certum;
1099 1014 1190 1039 nam
1220 1001 1300 1038 Cio.
1330 999 1378 1037 de
1408 1002 1503 1037 orat.

221 1062 257 1113 2,
289 1064 351 1113 35,
383 1065 458 1102 150
487 1065 631 1116 aliquot
660 1066 770 1105 codd.
801 1067 841 1105 in
869 1067 931 1104 his
962 1065 1181 1104 Turicensis
1209 1064 1354 1103 habent
1380 1076 1405 1114 p
1422 1075 1443 1100 e
1460 1074 1508 1099 r-

220 1128 416 1177 paulum
458 1129 577 1180 idque
619 1134 819 1181 receptum
862 1144 885 1168 a
914 1130 1070 1168 Klotzio
1108 1133 1147 1166 et
1176 1128 1367 1179 Kaysero.
1424 1125 1509 1164 Nisi

220 1191 318 1229 forte
347 1192 444 1231 illud
473 1194 985 1245 peradulescentulus
1013 1193 1131 1245 (Nep.
1160 1192 1271 1235 Eum,
1303 1193 1337 1241 1,
1366 1191 1409 1242 4)
1428 1191 1506 1229 huc

220 1256 375 1294 trahere
402 1257 511 1306 velis,
542 1259 582 1296 in
613 1271 690 1309 quo
720 1272 790 1309 ego
820 1272 895 1296 non
924 1270 1107 1309 repugno.

349 1321 643 1371 turgidulus
675 1323 718 1371 3,
758 1323 798 1359 18
820 1325 886 1359 tua
906 1334 1007 1359 nunc
1026 1334 1144 1372 opera
1159 1332 1269 1358 meae
1285 1319 1506 1370 puellae-

219 1384 345 1422 flendo
364 1386 554 1435 turgiduli
570 1386 709 1423 rubent
724 1387 860 1424 ocelli'.
878 1386 1053 1423 Eandem
1070 1397 1203 1422 vocem
1218 1383 1336 1421 habet
1350 1381 1506 1419 Paulin.

220 1447 328 1485 Petr.
374 1449 409 1495 5,
450 1449 529 1487 450
558 1449 605 1486 de
635 1449 711 1486 iam
740 1450 946 1499 turgidulis
975 1449 1205 1486 numerabat
1231 1446 1372 1484 damna
1399 1456 1506 1482 race-

220 1511 302 1548 mis.
357 1511 422 1549 Ad
463 1513 696 1552 sententiam
741 1525 1014 1565 comparavere
1055 1513 1174 1564 intpp.
1204 1511 1346 1550 Tibull.
1389 1509 1439 1561 (Ι,
1470 1510 1506 1559 8,

221 1574 291 1624 68)
319 1579 357 1612 et
376 1579 443 1613 tua
460 1576 537 1613 iam
559 1577 651 1614 fletu
666 1577 815 1614 lumina
829 1577 930 1615 fessa
949 1580 1109 1614 tument.
1126 1577 1298 1626 Propert.
1319 1574 1339 1612 Ι
1357 1574 1441 1622 (21,
1463 1572 1507 1623 3)

219 1639 285 1689 qui
313 1644 447 1677 nostro
476 1640 623 1690 gemitu
652 1641 845 1691 turgentia
874 1641 1021 1679 lumina
1048 1644 1213 1692 torques.

347 1704 590 1742 uvidulus
621 1704 696 1754 66,
741 1706 790 1743 63
819 1705 1019 1744 uvidulam
1049 1718 1071 1742 a
1099 1705 1194 1742 fletu
1224 1703 1426 1742 cedentem
1456 1700 1505 1739 ad
1583 1723 1587 1727 .

217 1767 360 1816 templa
389 1767 502 1804 deum
531 1769 617 1806 me’.
654 1768 942 1806 Viridulum
970 1781 993 1805 a
1022 1769 1188 1806 fluctu
1224 1767 1271 1805 V.
1302 1765 1504 1804 Coniectu-

217 1843 279 1869 ras
324 1831 404 1869 fere
442 1831 662 1871 innumeras
691 1832 830 1883 quibus
859 1834 963 1871 hunc
990 1844 1144 1871 versum
1171 1830 1414 1882 temptabant
1440 1829 1506 1867 ho-

216 1895 340 1932 mines
389 1895 495 1932 docti
536 1897 627 1933 vide
655 1897 709 1934 sis
738 1909 799 1947 ap.
830 1896 1084 1934 Schwabium.
1139 1895 1227 1945 Ego
1256 1906 1342 1932 eam
1370 1890 1504 1931 lectio-

216 1971 307 1996 nem
352 1971 465 2008 quam
516 1972 634 2010 supra
681 1960 842 1999 exhibui
885 1963 923 1998 et
951 1972 1067 2010 quam
1094 1961 1201 1997 recte
1228 1958 1305 1996 iam
1333 1956 1504 1996 Muretus

217 2023 426 2072 explicavit
461 2025 615 2062 omnino
655 2024 900 2062 retinendam
928 2036 1012 2061 esse
1041 2035 1178 2061 censeo
1208 2022 1387 2072 idemque
1416 2033 1504 2058 cen-

218 2090 378 2123 suerunt
405 2087 608 2125 novissimi
637 2088 805 2125 editores
834 2087 1061 2125 Schwabius
1090 2089 1129 2124 et
1157 2079 1407 2123 Muellerus.'

346 2149 422 2188 His
451 2150 543 2188 addi
571 2155 740 2202 possunt

344 2213 474 2252 febri
486 2214 594 2252 culo
606 2228 683 2252 sus
714 2216 748 2264 6,
769 2216 793 2252 4
812 2227 946 2254 verum
964 2213 1195 2264 nescioquid
1212 2212 1436 2251 febriculosi
1451 2235 1503 2241 -

217 2278 334 2315 scorti
363 2278 521 2327 diligis’.
579 2277 744 2316 Videtur
771 2279 847 2316 hoc
885 2278 1119 2316 adiectivum
1160 2277 1265 2315 idem
1293 2276 1357 2313 hie
1385 2275 1502 2325 signi-

212 2339 328 2379 ficare
342 2340 447 2391 quod
467 2341 572 2393 apud
586 2341 798 2392 vegetium
819 2342 837 2380 f
845 2342 901 2380 eb
914 2342 1019 2380 rico
1032 2355 1049 2380 s
1063 2354 1086 2379 u
1099 2354 1130 2391 s,
1151 2341 1299 2379 scilicet
1314 2339 1502 2388 febriens,

214 2405 314 2443 febri
355 2406 547 2444 laborans.
604 2406 695 2443 Alio
741 2419 857 2444 sensu
898 2407 1038 2456 legitur
1079 2407 1153 2443 hoc
1181 2404 1408 2442 vocabulum
1440 2415 1502 2454 ap.

217 2467 319 2506 Gen.
350 2469 415 2518 20,
449 2469 481 2518 1,
510 2469 559 2507 27
591 2482 681 2507 nam
708 2470 868 2508 morbus
902 2471 943 2508 in
971 2470 1046 2508 ista
1072 2470 1159 2520 lege
1187 2480 1266 2506 non
1294 2466 1502 2505 febriculo-

214 2545 281 2571 sus
324 2545 453 2583 neque
480 2533 642 2571 nimium
670 2535 816 2584 gravis,
834 2535 901 2572 ubi
931 2538 990 2572 est
1016 2524 1118 2571 febri
1146 2528 1366 2582 comitatus,
1399 2531 1503 2570 febri
