1655 2659
674 66 729 73 ....
783 42 934 109 28..-

290 159 603 210 falsiparens
642 161 705 210 68,
737 161 811 200 112
839 160 941 212 quod
969 160 1163 212 quondam
1190 161 1313 200 caesis
1339 174 1448 200 mon-

163 223 213 269 tis
232 223 380 262 fodisse
407 223 586 263 medullis
616 247 666 253 —
697 224 808 262 audit
835 225 1066 276 falsiparens
1094 225 1447 277 Amphithryonia-

165 287 246 325 des.
277 288 430 327 Gallim.
459 288 498 327 h.
528 288 618 327 Cer.
649 290 698 326 99
728 296 956 340 ψιυδοπάτωρ.
992 288 1143 327 Fabula
1171 292 1274 327 nota.

291 368 644 405 fluentisonus
677 370 740 417 64,
760 370 809 406 52
836 381 1002 418 namque
1031 368 1265 406 fluentisono
1291 381 1449 420 prospe·

163 433 271 468 etans
299 430 413 469 litore
441 431 542 470 Diae
562 456 613 461 ——
634 432 787 470 Thesea
823 432 1023 470 cedentem
1059 431 1177 470 celeri
1205 445 1291 470 cum
1320 433 1448 471 classe

163 496 321 533 tuetur‘.
368 520 420 526 -—
464 497 631 535 Omnino
659 497 773 537 valde
802 497 987 535 amabant
1014 500 1152 547 poetae
1190 497 1302 534 latini
1344 497 1448 534 adie-

164 559 266 596 etiva
295 572 382 597 eum
426 573 472 598 eo
515 560 617 611 quod
662 564 722 599 est
764 573 855 599 sono
885 560 1107 611 composita.
1164 559 1302 599 Notavi
1331 561 1447 599 haec:

163 624 358 661 aerisonus
386 624 476 662 Val.
510 625 596 674 1⁴³1„
645 624 764 674 Stat„
809 624 891 673 Sil„
920 624 1075 673 Claud,
1117 624 1301 662 altisonus
1338 624 1452 674 Enn.,

166 685 246 724 Cic.
288 700 349 737 po.
379 686 535 738 Juven.‚
578 688 794 726 armisonus
827 688 943 738 Verg.
974 688 1039 738 al.,
1069 688 1279 726 elarisonus
1307 688 1451 728 catull.

165 750 249 801 (64,
283 752 370 790 125.
401 753 511 803 320),
541 752 896 804 Oio.A1·at.(280),
934 752 1156 790 dulcisonus
1199 752 1329 790 Sidon.
1362 752 1452 791 Cas-

165 814 261 851 siod.
307 815 348 852 in
390 816 518 864 psalt„
565 816 791 853 fluctisonus
834 815 924 864 Sil.‚
972 814 1061 853 Sen.
1107 828 1184 866 p0.‚
1231 816 1453 854 horrisonus

165 876 299 930 Verg.,
320 877 398 917 Cic.
418 892 497 931 p0.‚
517 880 746 919 multisonus
766 880 894 929 Mart.,
925 879 1034 929 Stat„
1062 880 1289 918 raucisonus
1309 881 1449 920 Catull.

169 945 258 992 (64,
288 943 400 992 263),
443 944 560 981 Lucr.
590 945 657 993 (5,
710 944 843 994 1082),
874 944 1101 981 suavisonus
1129 944 1213 981 Att.
1242 948 1304 994 tr„
1333 944 1453 982 Naev.

168 1010 229 1056 tr„
257 1007 468 1044 terrisonus
497 1006 646 1056 Claud„
674 1007 885 1045 undisonus
914 1007 1031 1058 Prop.
1063 1008 1112 1045 al.

298 1087 567 1124 iustificus
599 1088 661 1135 64,
691 1088 766 1123 406
796 1087 998 1129 iustificam
1025 1087 1137 1124 nobis
1157 1090 1326 1124 mentem
1346 1099 1456 1126 aver-

170 1152 251 1187 tere
280 1147 463 1188 deorum’.

299 1224 621 1274 lasarpicifer
652 1226 685 1273 7,
715 1226 738 1261 4
767 1237 882 1274 quam
910 1236 1072 1273 magnus
1101 1236 1286 1261 numerus
1314 1225 1457 1277 Libys-

168 1299 235 1325 sae
264 1299 403 1326 arenae
431 1310 482 1316 —
511 1288 789 1339 lasarpiciferis
818 1288 918 1326 iacet
932 1287 1118 1339 Cyrenis'.
1155 1286 1216 1325 De
1235 1287 1455 1340 lasarpicio,

170 1351 277 1389 euius
296 1352 535 1389 fertilissima
555 1356 637 1389 erat
665 1351 877 1402 Cyrenaica
906 1352 952 1389 of.
982 1352 1083 1389 Plin.
1105 1353 1143 1389 h.
1164 1364 1199 1388 n.
1235 1353 1293 1400 19,
1323 1353 1374 1389 38
1402 1365 1458 1404 sq.

102 1460 108 1465 ἱ
170 1414 292 1453 Salm.
331 1416 381 1453 ad
425 1415 543 1454 Solin.
573 1430 611 1467 p.
642 1417 731 1454 249.
788 1416 928 1454 Lister.
957 1415 1006 1453 ad
1043 1416 1152 1467 Apio.
1185 1416 1221 1465 7,
1254 1417 1271 1453 1
1303 1428 1339 1467 p.
1373 1417 1457 1455 185.
1519 1433 1521 1435 ·

169 1480 393 1518 Hemsterh.
423 1480 471 1517 ad
509 1481 596 1517 Poll
637 1480 699 1517 IX
728 1481 778 1516 60
807 1493 844 1528 p.
878 1480 1097 1516 1026—28.
1153 1479 1329 1516 Vocatur
1356 1492 1458 1517 nunc

173 1555 220 1581 ea
247 1542 382 1594 planta
411 1542 461 1580 ab
487 1542 577 1581 aliis
605 1542 731 1581 ferula
757 1542 955 1594 tingitana,
987 1542 1035 1582 ab
1065 1542 1152 1581 aliis
1179 1542 1334 1595 thapsia
1351 1555 1459 1595 gum·

171 1609 318 1647 misera.
378 1609 500 1646 Suous
541 1610 749 1658 lasarpioio
791 1612 1002 1657 exPressus
1045 1608 1317 1657 appellabatur
1345 1608 1458 1645 lasar.

173 1672 353 1711 Glossae:
380 1672 485 1711 lasar
514 1678 610 1719 ὄπόςς
632 1672 734 1710 laser
762 1677 852 1717 ὀπός,
875 1678 1046 1724 λασάριον,
1068 1676 1150 1711 ὀπὸς
1172 1678 1317 1720 σιλφίου.
1331 1670 1459 1711 —De

171 1737 305 1776 formis
343 1738 449 1776 lasar
488 1737 724 1788 (—pioium)
762 1740 800 1774 et
826 1737 928 1775 laser
955 1742 1025 1787 (—-
1054 1737 1220 1787 picium)
1248 1736 1326 1774 vid.
1370 1736 1460 1793 Jan.

172 1801 222 1837 ad
255 1801 355 1839 Plin.
384 1801 456 1838 vol.
486 1801 561 1838 III.
588 1814 627 1850 p.
657 1801 731 1848 91,
760 1799 824 1837 32.
852 1799 958 1837 lasar
986 1799 1105 1836 habet
1134 1799 1253 1836 etiam
1281 1797 1395 1849 Apio.
1425 1799 1461 1847 8,

175 1864 239 1915 7§
269 1864 346 1904 379
375 1863 434 1903 ed.
464 1864 629 1903 Schueh.
1022 1859 1027 1863 ’

301 1946 604 1983 multivolus
649 1945 719 1993 68,
768 1946 841 1982 128
871 1957 943 1982 nee
972 1947 1121 1981 tantum
1149 1942 1261 1980 niveo
1292 1943 1464 1992 gavisast

172 2008 253 2048 ulla
283 2008 462 2048 columbo
491 2033 544 2039 -—-
573 2021 756 2060 compar,
799 2021 898 2060 quae
926 2009 1045 2047 multo
1074 2007 1214 2045 dieitur
1243 2006 1463 2057 improbius

176 2094 225 2101 -
269 2074 400 2111 oscula
440 2073 613 2110 mordaci
664 2085 817 2123 semper
865 2072 1073 2122 decerpere
1115 2073 1238 2109 rostro
1268 2091 1318 2097 -—
1347 2081 1464 2120 quam

175 2150 275 2190 quae
326 2137 538 2189 praecipue
583 2137 827 2176 multivolast
873 2135 1038 2175 mulier’.
1095 2135 1278 2174 Glossae:
1334 2134 1465 2173 multi-

174 2203 287 2241 volus
317 2210 521 2250 πολύβουλος,
549 2203 678 2252 inqua
707 2200 1029 2252 interpretatione
1060 2200 1137 2237 alio
1169 2199 1318 2237 seilicet
1346 2209 1465 2236 sensu

176 2266 447 2318 accipiendum
494 2269 555 2304 est
602 2265 698 2304 illud
743 2273 947 2315 πολύβουλος,
998 2276 1114 2317 quam
1152 2276 1227 2315 quo
1264 2262 1464 2302 Homerus

173 2339 326 2382 Ἀθήνην
368 2331 467 2371 dixit
507 2342 706 2381 πολύβουλον
743 2332 789 2382 (l.
835 2333 857 2369 5
874 2360 885 2380 ‚
928 2331 1018 2370 260.
1049 2329 1121 2367 Od.
1154 2328 1228 2377 16,
1269 2327 1368 2377 282)
1400 2326 1465 2365 VOl

176 2396 374 2436 Pindarus
401 2405 543 2448 γνώμαν
571 2398 726 2448 (Isthm.
753 2397 791 2445 4,
820 2395 882 2434 90.
902 2395 961 2434 ed.
980 2392 1258 2443 Momms.).-
1285 2392 1467 2431 Ceterum

178 2465 288 2500 extat
332 2461 429 2500 haec
472 2474 549 2500 vox
590 2461 710 2499 etiam
747 2460 790 2499 -in
822 2460 925 2510 vulg.
955 2458 1050 2497 eccl.
1080 2458 1119 2507 9,
1146 2458 1170 2495 3
1199 2468 1250 2494 ne
1277 2454 1466 2506 respicias

177 2526 380 2565 mulierem
408 2525 667 2575 multivolam,
704 2537 754 2564 ne
780 2524 882 2563 forte
908 2522 1061 2562 incidas
1091 2521 1133 2560 in
1159 2520 1320 2572 laqueos
1335 2518 1466 2569 illius.
