1655 2659
703 15 964 88 -ις-

190 172 368 224 pupulos,
396 172 580 223 equuleos
610 171 816 222 accipiunt,
844 170 911 208 ubi
934 169 1031 208 haec
1060 167 1323 207 stewechius:
1353 179 1480 218 pupus

189 239 235 275 et
262 248 366 288 pupa
393 248 461 288 pro
490 234 730 287 pusionibus,
757 233 932 286 puerulis
963 236 1003 272 et
1020 230 1205 284 puellulis
1224 233 1324 269 nota.
1354 228 1480 269 Varro

189 300 258 338 lib.
302 298 362 338 VI
402 299 512 350 (VII,
556 301 592 349 3,
621 299 691 352 28)
718 312 856 350 pusam
882 301 1004 337 vocat.
1060 296 1125 335 Ab
1153 296 1213 334 his
1242 295 1412 346 pupulus
1442 298 1482 332 et

191 363 337 415 pupula
365 362 498 402 eadem
540 363 691 401 ratione
735 363 937 401 deminuta
967 364 1056 400 sunt
1085 359 1237 400 Catullo
1253 389 1263 409 ,
1307 358 1480 410 Apuleio

193 431 233 466 et
269 427 365 466 aliis.
422 427 482 466 Ea
523 428 681 466 nomina
714 427 925 477 antiquitus
968 425 1088 464 etiam
1129 432 1257 465 εἰκόνια
1288 422 1482 475 sigillaria

191 504 260 531 seu
301 491 606 542 imagiunculas,
657 503 755 541 quae
783 489 976 542 hodieque
1006 491 1047 528 in
1075 503 1148 528 usu
1177 489 1395 529 nutricibus
1436 499 1483 525 ac

191 556 336 606 pueris,
365 555 641 605 designabant:
670 567 692 592 a
719 554 856 605 quibus
877 554 1087 592 etiamnum
1105 558 1277 592 nostrate
1296 553 1482 591 idiomate

193 618 487 657 denominantur
526 618 712 669 Puppen,
757 617 805 655 de
847 617 986 669 quibus
1029 621 1088 656 est
1115 618 1347 657 Persianum
1383 615 1482 654 illud

193 686 263 721 sat.
292 682 334 720 ΙΙ
361 681 463 733 (70)
499 681 647 733 Nempe
684 682 755 720 hoc
784 681 886 733 quod
913 681 1058 720 Veneri
1087 683 1254 721 donatae
1283 694 1306 719 a
1332 680 1481 731 virgine

192 757 330 798 pupae.
389 745 645 784 Scribendum
687 746 818 796 itaque
848 745 994 784 duobus
1023 747 1087 785 vel
1113 747 1226 785 unico
1253 759 1278 797 p
1297 746 1331 783 si
1357 744 1481 782 lubet.

194 809 321 848 Varro
348 809 508 860 Aborig.
537 809 601 860 (fr.
630 811 663 847 4.
694 809 793 848 Non.
823 824 853 849 s.
883 823 919 848 v.
948 823 1078 861 pupae
1120 824 1159 862 p.
1201 810 1300 861 156.)
1341 821 1484 859 magna

156 922 159 925 Ι
194 886 288 924 pars
334 874 376 911 in
421 873 656 912 desiderium
707 886 898 925 puparum
946 878 984 912 et
1029 875 1242 925 sigillorum
1278 872 1482 912 veniebat’.

193 937 423 976 Femininae
464 937 609 977 formae
638 939 818 989 exempla
847 942 981 977 extant
1008 939 1050 976 in
1077 939 1249 990 inscript.
1281 951 1343 989 ap.
1360 936 1483 976 Orell.

192 1000 292 1040 3031
325 1014 349 1039 a
375 1002 518 1052 pupula
546 1002 609 1053 (ut
634 1002 748 1052 vulgo
778 1015 801 1039 a
829 1001 984 1052 puero);
1016 1010 1267 1055 ὑποκοριστικῶς
1301 1013 1389 1039 mea
1416 1014 1485 1052 pu-

194 1065 285 1116 pula
314 1065 431 1117 Apul.
461 1070 551 1105 met.
584 1067 620 1116 6,
653 1067 720 1118 16;
750 1079 796 1105 ea
838 1066 965 1117 signif.
1000 1078 1077 1117 qua
1119 1065 1187 1104 alii
1227 1064 1376 1117 pupilla
1422 1077 1484 1116 ap.
1544 1117 1559 1123 ἱ

195 1127 277 1166 cie..
308 1129 355 1167 de
383 1133 461 1168 nat.
490 1129 527 1167 d.
555 1130 592 1180 2,
623 1131 684 1180 57,
716 1130 790 1169 142
826 1130 894 1168 ubi
936 1134 1051 1168 antea
1091 1130 1298 1180 legebatur
1331 1128 1486 1180 pupilla

196 1195 237 1230 et
266 1193 420 1245 saepius
441 1193 546 1245 apud
564 1193 786 1246 Apuleium,
816 1194 878 1233 cui
906 1194 1050 1245 ubique
1079 1195 1179 1232 hanc
1207 1193 1370 1232 formam
1396 1193 1479 1232 vin-

194 1256 343 1295 dicavit
372 1258 675 1297 Hildebrandus.
707 1308 709 1310 ¹
732 1258 834 1297 Vide
880 1259 1009 1309 ipsum
1056 1257 1106 1295 ad
1152 1258 1201 1307 3,
1249 1259 1298 1296 22
1345 1257 1480 1308 (139).

194 1319 445 1359 Translative
486 1335 556 1373 pro
598 1322 707 1360 oculo
743 1322 833 1372 ipso
861 1321 970 1371 Hor,
1001 1321 1119 1372 Apul.
1148 1344 1200 1350 -
1230 1319 1362 1358 Semel
1389 1332 1479 1359 vero

194 1383 440 1422 scribendum
468 1397 554 1424 esse
590 1385 763 1424 litteram
790 1398 829 1436 p.
859 1397 936 1424 non
964 1385 1084 1423 semel
1111 1385 1221 1424 bisve
1248 1387 1292 1422 ut
1318 1383 1482 1436 putabat

195 1445 429 1486 Stewechius
475 1449 540 1486 vel
580 1449 765 1488 librorum
806 1461 901 1487 mss.
929 1449 971 1487 in
1014 1449 1189 1487 omnibus
1226 1449 1485 1499 scriptoribus

193 1522 406 1550 consensus
433 1515 611 1551 testatur.

321 1574 575 1614 Substantiva
593 1577 765 1614 verbalia
792 1577 833 1615 in
861 1600 912 1605 —
942 1576 996 1614 tio
1026 1577 1272 1615 excurrentia
1301 1575 1405 1628 apud
1423 1588 1483 1614 so-

189 1638 270 1676 lum
298 1639 492 1679 Catullum
519 1641 775 1679 inveniuntur
805 1641 918 1678 haec:

320 1705 577 1753 argutatio
620 1705 656 1754 6,
681 1706 725 1743 11
756 1705 993 1755 tremulique
1026 1718 1169 1756 quassa
1195 1705 1486 1753 lecti—argu·

190 1766 287 1817 tatio
325 1766 679 1819 inambulatioque’.
738 1767 911 1806 Achilles
950 1767 1114 1807 Statius:
1164 1768 1232 1806 illa
1272 1771 1315 1817 ut
1352 1767 1481 1806 dicam

189 1830 282 1868 lecti
309 1832 518 1881 garrulitas
550 1832 655 1870 Fest.
684 1833 822 1883 Pomp.
861 1832 918 1883 (p.
954 1832 1050 1884 368)
1079 1833 1119 1870 in
1162 1831 1282 1870 verbo
1326 1832 1487 1870 tacitus:

198 1894 348 1944 tacitus,
366 1895 503 1946 inquit,
532 1896 649 1934 etiam
669 1900 839 1947 argutus,
858 1896 948 1947 quia
966 1900 1098 1947 potest
1118 1894 1322 1947 aliquando
1342 1899 1484 1934 tacere.

196 1956 261 1995 Sic
302 1958 397 1996 alibi
431 1959 515 2009 (68,
546 1960 616 2011 72)
643 1960 747 1998 idem
776 1963 856 1998 Cat.
888 1964 1069 2010 argutam
1098 1960 1244 1997 soleam
1273 1959 1375 1996 dixit
1402 1972 1484 1998 cre-

191 2020 391 2071 pitantem.
446 2022 533 2061 Nisi
579 2024 646 2075 qui
683 2024 840 2062 brevem
876 2023 986 2061 malit
1014 2023 1248 2073 intelligere.
1306 2022 1486 2061 Cratinus

193 2095 254 2135 ap.
282 2084 613 2136 Hephaestionem
633 2086 690 2138 [p.
712 2087 783 2139 84)
809 2087 909 2126 hanc
943 2086 1071 2125 dicere
1098 2087 1254 2126 videtur
1279 2097 1397 2142 ἰκρίων
1424 2098 1486 2138 ψό-

195 2167 312 2199 φησιν,
354 2150 436 2189 eius
473 2151 581 2189 enim·
612 2163 768 2190 versum
805 2151 916 2189 illum
952 2152 1071 2203 ponit,
1111 2153 1282 2198 εὐδαίμον’
1317 2154 1422 2187 ἔτικτε
1446 2165 1484 2186 σε

193 2222 306 2268 μήτηρ
329 2222 447 2267 ἰκρίων
470 2223 631 2266 ψόφησις.
669 2215 781 2255 Ovid-
816 2216 857 2254 in
889 2216 963 2256 ῙῙῙ.
999 2229 1119 2256 amor.
1153 2217 1237 2269 (14,
1260 2216 1487 2269 260811111Ῑί-

193 2281 272 2317 ter:
292 2280 516 2332 spondaque
543 2281 690 2320 lasciva
708 2280 927 2319 mobilitate
945 2283 1108 2320 tremat’.
1158 2282 1211 2320 Et
1232 2282 1384 2321 Cratini
1403 2284 1486 2335 qui-

195 2341 283 2380 dem
334 2343 454 2382 verba
498 2345 689 2399 quomodo
730 2345 991 2395 intellegenda
1033 2350 1166 2384 essent
1207 2346 1489 2385 demonstravit

194 2405 385 2457 Bergkius
429 2412 631 2447 comment.
661 2408 724 2447 de
760 2408 842 2447 Att.
872 2409 1017 2447 comed.
1054 2422 1091 2460 p.
1121 2411 1144 2447 9
1175 2422 1248 2460 sq,
1287 2411 1353 2461 qui
1397 2403 1506 2465 ἴκρια(

191 2469 312 2522 ipsius
339 2470 482 2510 theatri
501 2471 611 2512 sedes
646 2485 743 2524 esse,
793 2473 951 2526 antiqua
993 2473 1259 2525 appellatione
1300 2474 1341 2513 in
1383 2486 1487 2513 eom-

193 2535 302 2589 muni
328 2547 507 2575 sermone
534 2541 733 2588 revocata,
765 2541 889 2576 totum
916 2537 1015 2576 illud
1050 2545 1168 2591 ἰκρίων
1192 2546 1351 2588 ψόφησιν
1400 2551 1486 2590 spe-
