1655 2659
679 72 919 108 ...ο-

152 199 223 225 vus
277 199 394 237 quem
449 199 630 236 graecum
684 190 826 225 vocant
879 199 1039 238 perraro
1095 186 1199 238 apud
1246 187 1444 226 Catullum

153 262 350 312 occurrit,
405 260 509 313 apud
555 261 758 300 Tibullum
818 265 859 300 et
900 262 1146 314 Propertium
1198 262 1443 314 saepissime.

153 339 303 378 Verum
349 342 387 376 et
432 339 531 376 haec
575 341 616 377 et
657 339 735 376 alia
775 351 874 388 quae
914 339 1040 376 habeo
1081 339 1122 376 in
1150 342 1331 390 promptu
1358 352 1445 377 cum

153 412 300 450 maiore
316 411 535 450 subtilitate
554 415 695 463 egeant
712 412 868 463 proprio
891 412 1099 464 aliquando
1128 413 1304 452 tractabo
1333 425 1445 465 opus-

155 488 254 525 culo.
281 508 334 513 —
363 487 499 537 Neque
516 499 609 536 vero
630 487 715 525 solo
742 488 930 537 temporis
951 487 1175 526 discrimine
1193 485 1305 526 tanta
1331 489 1445 527 inter-

155 561 259 600 cedit
314 561 415 599 inter
452 560 600 599 Catulli
643 564 684 599 et
725 560 874 599 Tibulli
915 561 1188 613 Propertiique
1210 574 1444 602 sermonem

154 640 382 679 differentia.
438 639 559 677 Aliud
601 637 758 676 dicendi
799 649 923 688 genus
966 641 1102 689 aptum
1130 643 1194 677 est
1230 638 1369 677 iambis
1406 642 1445 677 et

153 714 496 767 hendecasyllabis
512 743 522 763 ,
565 712 674 752 aliud
717 712 865 762 elegiis.
924 711 1053 757 Quid?
1108 713 1209 764 quod
1249 726 1299 752 ne
1333 713 1445 765 ipsae

154 789 309 841 quidem
349 788 496 828 Catulli
537 787 689 838 elegiae
739 786 914 825 eiusdem
971 790 1061 824 sunt
1117 788 1271 837 generis
1323 791 1442 839 atque

155 865 301 903 Tibulli
342 867 382 902 et
422 862 630 914 Propertii,
672 865 718 900 ut
759 874 861 912 quae
899 862 1192 912 epigrammatis
1218 864 1445 915 plerumque

156 938 326 991 speciem
353 949 449 989 prae
478 949 520 975 se
547 936 685 985 ferant,
716 947 855 988 neque,
884 935 1136 987 paucissimis
1179 936 1355 988 exceptis
1392 960 1444 966 —

155 1013 242 1052 dico
271 1027 304 1051 c.
325 1015 387 1051 65.
410 1014 471 1051 66.
493 1014 555 1050 68.
576 1016 614 1050 et
641 1012 833 1050 minorum
860 1012 1046 1049 nonnulla
1065 1036 1130 1061 —,
1148 1012 1254 1050 aliud
1274 1013 1446 1051 habeant

154 1089 428 1138 argumentum
469 1097 587 1137 quam
614 1084 944 1137 hendecasyllabi,
973 1084 1114 1136 quibus
1141 1084 1322 1123 rivalium
1353 1086 1444 1125 alio-

153 1174 317 1211 rumque
362 1160 582 1211 aequalium
627 1160 722 1198 vitia
766 1161 992 1198 insectatur.
1058 1160 1156 1198 Inde
1201 1160 1444 1211 potissimum

153 1235 297 1273 factum
312 1264 322 1284 ,
367 1237 411 1272 ut
451 1246 529 1272 non
565 1245 689 1285 pauca
719 1245 805 1272 cum
834 1234 1067 1272 comicorum
1096 1245 1276 1273 sermone
1303 1235 1446 1274 habeat

154 1310 373 1348 communia
401 1309 575 1347 Catullus
591 1337 601 1357 ,
645 1321 666 1347 e
708 1308 848 1359 quibus
892 1309 965 1346 hoc
994 1321 1116 1346 unum
1143 1321 1444 1348 commemorare

155 1389 219 1423 sat
247 1385 333 1434 erit,
361 1384 475 1423 valde
504 1383 685 1422 adamare
707 1396 796 1422 eum
824 1383 1071 1422 substantiva
1089 1383 1262 1422 verbalia
1280 1384 1319 1422 in
1338 1408 1390 1414 ——
1404 1386 1443 1424 io

154 1460 361 1508 exeuntia,
410 1460 550 1510 quibus
597 1459 739 1497 iisdem
786 1459 986 1496 abundant
1021 1458 1154 1496 Plauti
1196 1458 1445 1510 Terentiique

155 1533 325 1572 fabulae.
382 1532 511 1584 Atque
541 1532 720 1584 exempla
748 1531 970 1571 Catulliana
996 1531 1131 1571 notavi
1158 1532 1276 1573 haec:
1306 1533 1444 1585 adpro-

155 1611 259 1648 batio
288 1611 368 1660 (45,
398 1611 433 1647 9.
467 1609 535 1659 18)
563 1609 786 1647 aestimatio
813 1610 897 1659 (12,
933 1609 998 1658 12)
1037 1609 1251 1647 ambulatio
1288 1610 1372 1660 (55,
1402 1610 1446 1659 6)

154 1684 352 1735 argutatio
394 1684 451 1735 (6,
487 1683 554 1734 11)
583 1683 749 1721 basiatio
778 1682 836 1734 (7,
870 1683 911 1733 1)
940 1683 1126 1733 cogitatio
1153 1682 1238 1734 (35,
1267 1683 1311 1735 5)
1338 1695 1444 1722 essu-

152 1760 243 1798 ritio
271 1759 356 1811 (18,
389 1761 421 1797 1.
451 1760 515 1808 23,
549 1760 617 1810 14)
646 1759 787 1797 fututio
807 1758 891 1810 (32,
922 1760 965 1810 7)
1001 1758 1258 1797 inambulatio
1288 1759 1346 1810 (6,
1379 1759 1446 1810 11)

152 1834 366 1872 inrumatio
408 1834 493 1884 (21,
540 1834 584 1885 8)
627 1834 770 1871 iocatio
810 1833 894 1884 (61,
926 1833 1021 1884 123)
1050 1833 1195 1872 locutio
1232 1833 1316 1884 (61,
1350 1834 1445 1885 127)

153 1909 280 1948 oratio
325 1910 410 1962 (44,
458 1909 527 1961 11)
572 1909 760 1949 osculatio
802 1908 887 1960 (48,
931 1908 974 1960 6)
1017 1909 1167 1948 vocatio
1198 1909 1282 1960 (47,
1314 1910 1364 1961 7).
1396 1909 1445 1950 cf.

152 1984 270 2023 etiam
300 1984 440 2023 Mutet.
470 1984 520 2023 ad
564 1986 599 2034 7,
635 1986 666 2022 1.
723 1984 921 2035 Exempla
947 1983 1133 2022 Plautina
1159 1983 1329 2035 plurima
1358 1997 1446 2023 con-

153 2071 314 2110 gessere
355 2059 572 2098 Lorenzius
628 2059 678 2098 ad
716 2059 886 2098 Mostell.
918 2058 952 2098 6.
983 2059 1045 2097 34.
1075 2060 1166 2097 364.
1195 2058 1358 2098 Brixius
1397 2060 1447 2099 ad

154 2134 261 2173 Trin.
292 2134 384 2173 709.
422 2135 547 2173 Multo
576 2135 694 2173 etiam
720 2135 844 2185 magis
872 2138 1034 2186 apparet
1061 2134 1158 2172 illud
1186 2134 1447 2173 deminutivo-

153 2221 268 2247 orum
310 2221 393 2260 usu,
434 2222 594 2260 quorum
632 2210 799 2261 plurima
841 2208 1019 2248 Catullus
1047 2211 1115 2247 aut
1141 2208 1224 2260 ipse
1251 2208 1364 2247 finxit
1391 2209 1448 2247 in-

152 2284 312 2334 geniose
354 2287 423 2322 aut
465 2284 514 2322 ab
559 2285 646 2323 aliis
689 2285 779 2323 ficta
819 2284 1007 2323 adhibuit.
1058 2282 1088 2334 l)
1144 2282 1241 2321 Sunt
1282 2286 1322 2322 et
1356 2283 1447 2333 alia,

242 2415 273 2454 1)
298 2414 364 2446 Cfr.
387 2415 440 2446 Fr.
458 2415 643 2446 Heussnori
660 2415 840 2446 observatt.
859 2424 994 2455 gramm.
1013 2415 1048 2445 in
1065 2414 1249 2453 Catullum,
1274 2415 1446 2457 Mai-burgi

153 2467 237 2499 catt.
266 2469 346 2500 1869
380 2477 410 2508 p.
434 2469 475 2498 35
511 2478 582 2508 sqq.
607 2467 664 2499 ubi
697 2468 805 2499 omnia
840 2468 992 2509 exempla
1023 2467 1281 2510 diligentissimo
1306 2468 1448 2500 collecta

153 2524 239 2553 sunt.
