1655 2659
687 50 953 90 -44-

171 167 345 207 haben.
401 167 457 206 At
485 168 563 219 qui,
593 167 751 219 amabo,
785 168 868 207 fieri
897 172 1036 220 potest,
1063 172 1107 207 ut
1134 169 1270 208 eadem
1297 181 1391 208 voce
1420 172 1461 209 et

174 245 269 270 usus
307 233 356 270 sit
398 232 501 270 idem
542 232 708 283 scriptor
750 236 789 270 et
827 245 904 271 non
931 245 1026 271 usus
1055 233 1133 271 sit?
1187 233 1368 272 Profecto
1397 236 1465 272 aut

173 296 302 334 minus
331 295 493 347 diligens
523 299 609 347 erat
638 296 819 335 Tibullus
846 297 887 335 in
915 296 1133 348 deligendis
1162 297 1360 336 vocabulis
1392 299 1465 349 *aut

161 361 270 399 'alius
313 361 505 415 quispiam
546 361 822 412 panegyricum
866 362 1032 413 scripsit.
1089 361 1236 400 Similis
1287 361 1462 400 condicio

173 426 387 476 particulae
416 438 708 476 quanquam,
737 439 812 477 qua
839 439 1036 477 nunquam
1064 439 1157 464 usus
1186 429 1244 464 est
1272 426 1463 476 Tibullus,

173 502 265 528 usus
294 493 354 527 est
382 492 520 527 auctor
548 490 772 540 panegyrici
805 491 846 527 1:
875 502 1097 541 quanquam
1124 501 1186 527 me
1215 489 1368 538 cognita
1386 489 1464 527 vir-

172 556 236 591 tus
268 576 317 581 —
346 556 487 603 terret;
525 554 594 592 28:
622 566 711 591 nam
740 566 961 605 quanquam
989 553 1170 605 antiquae
1197 553 1322 603 gentis
1350 566 1462 604 supe-

173 622 261 655 rant
290 606 368 655 tibi'
390 618 538 656 laudes.
595 617 679 656 Nec
707 619 831 668 magis
860 618 1091 669 particulam
1133 617 1317 669 quippe
1359 616 1463 668 apud

174 681 377 721 Tibullum
397 683 602 733 inveneris,
632 695 729 735 quae
748 684 788 721 in
806 683 1042 736 panegyrico
1060 683 1201 735 legitur
1218 684 1297 721 457
1318 683 1463 735 quippe

173 747 240 784 ubi
268 761 344 785 non
372 761 539 799 unquam
569 748 685 785 Titan
714 760 830 798 super
858 748 982 798 egerit
1010 752 1129 786 ortus.
1159 748 1220 786 Ea
1242 759 1341 798 quae
1371 750 1463 785 sunt

173 811 259 860 uti,
301 812 465 850 veluti
506 825 583 850 non
611 815 818 849 occurrunt
845 824 907 862 ap.
938 811 1148 861 Tibullum,
1185 813 1392 850 occurrunt
1419 810 1460 848 in

172 876 407 926 panegyrico
440 876 515 914 104
543 875 678 914 dexter
705 876 763 913 uti
789 875 939 913 laevum
968 878 1097 914 teneat
1134 875 1388 927 dextrumque
1415 874 1463 913 si-

173 939 315 987 nister3
343 940 390 976 41
423 939 527 976 iusta
554 940 639 989 pari
667 940 860 989 premitur
888 939 1013 976 veluti
1042 951 1129 976 cum
1151 938 1323 989 pondere
1351 938 1462 975 libra.

175 1001 355 1039 Tibullus
384 1014 537 1053 semper
578 1002 679 1041 dixit
722 1016 818 1051 seu,
863 1003 1030 1054 scriptor
1075 1003 1302 1055 panegyrici
1344 1002 1463 1041 etiam

173 1066 337 1104 formam
364 1066 616 1118 dissyllabam
644 1068 739 1105 sive
774 1067 940 1116 admisit,
977 1080 1053 1118 qua
1080 1067 1120 1104 in
1148 1079 1190 1105 re
1219 1067 1400 1104 convenit
1428 1066 1464 1104 ei

174 1141 264 1167 cum
306 1129 518 1181 Lygdamo.
561 1130 608 1169 cf.
649 1144 738 1182 pan.
770 1132 833 1170 26.
863 1132 926 1169 80.
956 1132 1019 1169 96.
1050 1132 1139 1169 209.
1169 1130 1297 1182 Lygd.
1333 1132 1367 1181 1,
1396 1132 1460 1169 26.

174 1193 278 1241 3,14.
299 1196 402 1243 4,11.
425 1194 523 1243 5,32.
555 1217 604 1222 -
633 1195 717 1232 Iam
744 1195 859 1232 finem
887 1195 987 1233 facio
1016 1194 1249 1245 congerendi
1268 1195 1465 1246 exempla3

173 1256 271 1294 illud
306 1261 436 1295 tamen
464 1258 617 1297 silentio
645 1259 856 1310 praeterire
884 1259 984 1309 nolo,
1020 1260 1140 1298 etiam
1168 1259 1245 1297 alia
1273 1258 1463 1309 quaedam

173 1325 321 1371 extare,
362 1335 463 1373 quae
505 1324 684 1374 quamvis
725 1324 868 1374 pusilla
903 1324 980 1361 sint
1014 1323 1272 1374 suspicionem
1306 1335 1462 1361 movere

172 1387 324 1437 possint
366 1399 441 1439 quo
483 1387 607 1425 refero
650 1387 748 1426 illud
777 1401 813 1427 v.
848 1388 922 1426 100
960 1392 1042 1427 tum
1084 1387 1181 1426 tibi
1209 1400 1301 1426 non
1329 1386 1463 1426 desit

173 1451 312 1489 faciem
341 1464 475 1502 comp
490 1465 512 1489 o
525 1465 549 1489 n
562 1464 644 1489 ere
664 1465 831 1502 pugnae,
861 1453 964 1503 quod
982 1453 1108 1501 magis
1127 1452 1329 1501 Propertio
1349 1464 1464 1501 quam

175 1515 332 1553 Tibullo
362 1516 566 1553 convenire
596 1516 798 1566 existimo,
839 1528 910 1554 nec
938 1516 1065 1554 minus
1079 1515 1327 1553 ,locutionem
1354 1515 1463 1553 illam

175 1591 385 1629 sanequam
414 1580 605 1630 puerilem
633 1592 669 1618 v.
695 1581 769 1618 114
798 1593 852 1631 sq.
883 1581 968 1631 ipse
997 1583 1128 1618 tamen
1156 1580 1274 1617 velox
1292 1580 1460 1617 celerem

175 1655 290 1694 super
318 1643 434 1682 edere
464 1657 599 1696 corpus
629 1669 680 1674 -—
709 1644 852 1695 gaudet
880 1657 1034 1696 equum.
1090 1644 1145 1683 At
1171 1644 1280 1694 haec,
1314 1643 1463 1682 minuta

175 1708 335 1758 scilicet,
365 1708 543 1759 attigisse
570 1708 664 1747 satis
692 1709 817 1747 habeo
845 1722 917 1748 nec
946 1709 980 1747 si
1008 1709 1092 1760 quis
1117 1709 1320 1747 dissentiat
1348 1720 1465 1759 aegre

174 1772 275 1822 fer03
303 1772 371 1809 illa
398 1773 577 1821 graviora
611 1776 649 1810 et
677 1785 775 1823 quae
801 1773 863 1810 vel
892 1773 974 1810 sola
1000 1785 1077 1810 non
1107 1771 1258 1810 Tibulli
1286 1784 1370 1810 esse
1398 1784 1466 1822 pa·

176 1836 402 1888 negyricum
432 1849 639 1888 coarguere
667 1841 822 1889 queant,
853 1837 1114 1888 quamobrem'
1133 1837 1216 1875 iure
1244 1836 1379 1875 videor
1406 1849 1464 1875 se-

176 1913 307 1938 orsum
342 1901 518 1952 posuisse
561 1914 609 1939 ea
651 1898 751 1951 qu‘ae
794 1902 834 1938 in
870 1902 936 1939 illo
964 1901 1209 1951 reperiuntur
1239 1900 1465 1951 singularia.

282 1964 342 2003 Ac
369 1965 537 2016 primum
567 1965 722 2017 quidem
741 1965 975 2003 enumerabo
994 1965 1152 2003 nomina
1172 1965 1339 2016 propria.
1370 1964 1468 2002 Sunt

175 2041 222 2066 ea
249 2028 365 2067 haec:

282 2093 495 2133 Artacie
540 2094 607 2133 60:
637 2094 801 2133 incultos
830 2094 925 2132 adiit
953 2095 1245 2146 Laestrygonas
1273 2093 1466 2145 Antipha-

175 2162 319 2210 tenque
349 2182 399 2187 —
429 2160 570 2197 nobilis
587 2160 746 2197 Artacie
773 2158 902 2209 gelida
931 2171 1025 2208 quos
1053 2159 1197 2208 inrigat
1223 2157 1352 2195 unda’.
1391 2156 1464 2195 Od.

178 2224 238 2272 10,
285 2224 358 2262 108
386 2227 404 2274 ἡ
426 2227 492 2271 μὲν
515 2226 557 2273 α”ρ
580 2224 653 2273 (sc,
670 2228 822 2272 θυγάτηρ
839 2227 969 2269 ἰφθίμη
986 2220 1465 2272 ΛαιστρυγόνοςἈντιῴατάο)

175 2285 209 2319 ἐς
231 2289 362 2332 κρήνην
384 2289 582 2332 κατεβήσιτο
605 2288 843 2332 καλλιρέεθρον
867 2306 905 2310 -
926 2286 1116 2330 Ἀρτακίην.

303 2341 509 2394 Magyni
542 2343 615 2380 146
645 2353 796 2393 quaque
823 2339 981 2378 Hebrus
1010 2340 1231 2391 Tanaisque
1259 2338 1382 2377 Getas
1414 2338 1466 2376 ri-

176 2411 244 2457 gat
285 2410 404 2457 atque
445 2407 660 2459 Magynos'.
730 2406 793 2444 Ita
833 2405 932 2444 libri.
1002 2404 1078 2449 Qui
1118 2404 1265 2443 fuerint
1305 2402 1467 2454 Magyni

173 2472 293 2522 plane
320 2472 537 2523 ignoratur3
565 2472 694 2522 itaque
722 2470 829 2510 fuere
857 2470 923 2521 qui
951 2470 1098 2508 vellent
1131 2468 1387 2520 Mosynos3
1426 2469 1468 2506 at

175 2536 330 2589 Mosyni
370 2549 447 2575 non
491 2537 540 2575 ad
569 2537 736 2575 Tanaim
777 2534 1028 2584 habitabant,
1053 2533 1095 2572 id
1123 2532 1228 2585 quod
1255 2533 1333 2571 iam
1360 2535 1468 2571 recte
1519 2571 1523 2573 i
