1655 2659
708 49 968 90 ..14-

187 166 352 206 dictum’.
409 166 584 206 Achilles
627 179 782 219 quoque
835 166 984 206 Statius
1026 167 1351 218 acquiescendum
1406 169 1481 209 sibi

186 232 342 283 putavit
383 231 424 270 in
453 230 684 276 Quintiliani
711 231 898 284 Festique
931 231 1266 284 interpretatione.
1321 232 1407 272 Alii
1433 232 1482 272 de

186 297 305 335 verbo
333 308 470 347 graeco
498 305 607 336 πλέκω
631 297 868 348 cogitabant,
896 297 987 349 quia
1014 296 1164 336 seilicet
1191 309 1213 336 e
1235 298 1383 337 vimine
1401 298 1480 350 ple·

184 374 344 414 rumque
385 364 570 402 contexta
610 366 712 401 esset
747 374 875 415 capsa,
906 373 1069 414 eamque
1097 360 1320 414 opinionem
1348 365 1480 403 nostra

184 430 315 464 aetate
344 439 456 465 suam
484 427 575 464 fecit
591 426 859 465 Doederlinus
889 426 997 478 (Syn.
1027 431 1066 464 et
1093 425 1220 478 Etym.
1239 426 1311 466 VI.
1327 440 1361 478 p.
1380 427 1478 478 273)

183 491 249 542 qui
285 503 306 529 e
334 503 471 542 graeco
510 498 676 530 πλόκανον
719 490 929 529 deduceret
966 489 1062 529 illud
1105 489 1350 529 vocabulum.
1404 489 1480 530 His

185 555 364 593 omnibus
403 567 514 594 suam
558 556 744 607 opposuit
786 555 839 594 Js.
871 554 1035 594 Vossius
1064 554 1309 604 sententiam,
1340 555 1477 605 quovis

183 618 344 669 pignore
386 618 636 669 contendens,
679 619 853 657 celticam
880 619 944 657 vel
972 618 1232 670 germanicam
1261 630 1351 656 esse
1379 619 1480 657 hanc

183 695 318 722 vocem
346 696 469 734 neque
498 683 606 722 aliud
635 684 854 734 significare
884 683 960 722 nisi
990 686 1170 731 aratrum.
1226 682 1330 727 Quin
1359 683 1475 722 etiam

183 748 423 799 comparavit
464 748 533 786 illa
579 761 679 799 quae
722 751 812 786 sunt
853 747 957 799 apud
997 748 1168 788 Batavos
1209 747 1314 798 plog,
1341 748 1476 799 plaug,

180 813 359 863 plauwen
398 811 523 864 (apud
550 811 768 851 Germanos
811 813 933 864 pflug)
966 813 1171 864 attulitque
1198 811 1320 850 Plinii
1347 812 1474 851 locum

179 876 352 928 (XVIII,
387 878 435 915 18
464 876 556 927 (48)
587 878 684 927 172)
712 876 780 915 ubi
799 890 957 915 vomera
970 877 1107 915 rotulis
1126 877 1318 914 instructa
1337 889 1476 915 vocan-

177 944 237 978 tur
263 941 520 991 plaumorata.
588 939 675 990 Ego
704 952 793 977 cum
821 952 948 990 neque
977 941 1069 978 novi
1098 940 1304 991 quicquam
1335 943 1474 982 afferre

176 1004 322 1056 possim
368 1016 493 1056 neque
539 1016 632 1042 vero
659 1003 792 1043 Vossii
842 1007 882 1043 et
923 1004 955 1043 si
998 1004 1064 1057 qui
1092 1017 1181 1044 eum
1225 1008 1348 1047 secuti
1382 1012 1474 1048 sunt

176 1070 340 1120 probare
375 1069 632 1107 temeritatem
675 1069 789 1106 unice
830 1082 963 1107 veram
1005 1081 1089 1108 esse
1116 1071 1297 1110 existimo
1327 1073 1469 1112 Mureti

176 1133 371 1184 Statiique
399 1133 603 1182 rationem,
633 1133 700 1184 qui
728 1133 768 1170 in
798 1133 1077 1172 obscurissima
1105 1146 1147 1171 re
1165 1138 1341 1174 veterum
1369 1137 1473 1175 testi-

174 1197 306 1235 monia
333 1197 441 1248 sequi
470 1209 588 1248 quam
615 1196 819 1246 indulgere
847 1196 1084 1235 coniecturis
1113 1197 1324 1236 malebant.
1478 1197 1482 1201 ’

303 1260 614 1311 salaputium
645 1259 707 1309 53,
724 1261 747 1297 5
776 1259 815 1297 di
843 1259 973 1309 magni
993 1260 1226 1311 salaputium
1260 1262 1469 1302 disertum’.

175 1324 327 1363 Citatur
368 1325 429 1363 hic
472 1324 580 1362 locus
610 1336 632 1361 a
661 1323 809 1362 Seneca
839 1326 958 1361 contr.
987 1323 1080 1374 VII,
1109 1324 1212 1376 (ΙΙΙ)
1246 1326 1291 1363 19
1320 1339 1358 1378 p.
1389 1328 1464 1365 211

173 1388 286 1427 Burs.
317 1393 402 1427 erat
430 1387 533 1427 enim
561 1387 744 1439 (Calvus)
773 1387 958 1438 parvulus
988 1390 1148 1437 statura,
1178 1393 1337 1440 propter
1364 1391 1465 1441 quod

173 1452 290 1489 etiam
319 1451 495 1490 Catullus
523 1451 564 1489 in
591 1450 922 1502 hendecasyllabis
949 1456 1063 1490 vocat
1088 1452 1197 1490 illum
1216 1453 1465 1505 ‘salaputium

173 1515 373 1554 disertum'
402 1515 440 1565 (s
453 1515 748 1566 alaputtium
786 1527 835 1552 ex
862 1514 962 1553 libro
991 1515 1238 1554 Bruxellensi
1266 1517 1465 1568 Bursian3

172 1580 436 1631 salaputium,
481 1579 708 1629 saliputium
724 1608 734 1627 ,
763 1579 1001 1628 saluputium
1040 1579 1109 1616 alii
1136 1579 1228 1618 libri
1255 1579 1463 1632 Senecae).

171 1642 317 1681 Catulli
365 1642 517 1681 codices
563 1642 711 1681 habent
758 1655 776 1680 s
793 1655 813 1680 a
830 1642 844 1680 l
861 1655 883 1680 a
898 1655 923 1694 p
939 1655 965 1681 u
981 1655 1001 1681 c
1016 1642 1030 1680 i
1043 1655 1070 1681 u
1084 1655 1124 1681 m
1177 1644 1240 1682 vel
1298 1657 1316 1683 s
1337 1657 1360 1683 a
1377 1645 1391 1683 l
1411 1658 1434 1684 a
1452 1667 1466 1675 -

169 1708 401 1758 patium
437 1707 515 1745 nisi
553 1706 657 1758 quod
694 1707 863 1757 optimus
900 1706 999 1744 liber
1027 1707 1462 1758 salapantium.

168 1772 215 1810 In
268 1784 346 1823 qua
391 1771 576 1810 librorum
631 1771 796 1809 lectione
843 1770 940 1809 adeo
990 1769 1233 1810 desudabant
1277 1772 1464 1825 interpre-

169 1840 226 1875 tes
275 1840 344 1875 aut
388 1835 629 1874 emendanda
672 1839 740 1873 aut
767 1835 1011 1886 explicanda,
1052 1835 1119 1874 vix
1160 1839 1204 1874 ut
1244 1837 1363 1875 alium
1393 1836 1464 1876 Ca-

169 1901 257 1938 tulli
298 1901 426 1939 locum
467 1901 648 1938 invenias
690 1898 825 1937 eodem
854 1899 969 1937 modo
997 1903 1193 1938 vexatum.
1245 1899 1299 1938 Et
1316 1901 1462 1951 primus

168 1964 323 2014 quidem
351 1964 518 2002 mutavit
545 1963 695 2001 Paulus
725 1962 934 2011 Manutius,
964 1962 1029 2013 qui
1056 1976 1074 2001 s
1092 1962 1175 2000 ali
1195 1976 1216 2001 c
1234 1964 1289 2015 ip
1303 1977 1329 2015 p
1351 1965 1365 2002 i
1383 1978 1408 2003 u
1423 1978 1461 2004 m

167 2028 341 2076 coniecit,
385 2040 611 2078 comparans
641 2025 813 2064 Senecae
855 2027 994 2076 locum,
1036 2026 1147 2065 cuius
1188 2026 1303 2065 finem
1344 2040 1462 2079 supra

167 2092 382 2130 attulimus:
410 2092 512 2130 idem
540 2090 722 2142 (Calvus)
750 2093 890 2141 postea
918 2103 1003 2128 cum
1030 2090 1180 2129 videret
1207 2103 1230 2129 a
1258 2091 1461 2130 clientibus

167 2155 327 2195 Catonis
373 2155 431 2194 rei
478 2155 534 2194 sui
578 2154 797 2194 Pollionem
840 2153 1024 2192 Asinium
1076 2153 1378 2193 circumventum
1419 2155 1459 2194 in

165 2220 304 2269 sorite,
343 2219 492 2270 imponi
528 2231 570 2257 se
619 2231 769 2269 supra
817 2217 1018 2268 cippum
1047 2217 1173 2256 iussit.
1230 2217 1330 2256 Erat
1357 2219 1458 2257 enim

164 2283 351 2333 parvulus
379 2286 526 2321 statura
555 2294 590 2321 e.
619 2295 654 2333 q.
684 2294 702 2319 s
770 2280 904 2332 Atque
932 2293 1020 2320 eam
1047 2281 1308 2320 coniecturam
1340 2285 1460 2320 certa·

163 2348 233 2385 tim
261 2348 478 2398 probavere
507 2347 685 2385 homines
714 2345 828 2384 docti.
884 2345 1058 2384 Muretus
1085 2345 1256 2384 laudatis
1287 2345 1458 2385 Senecae

164 2411 293 2450 verbis
335 2411 402 2462 ‘ait
429 2411 559 2461 igitur,
586 2409 726 2461 inquit,
754 2409 932 2448 Catullus
961 2409 1076 2448 valde
1105 2410 1235 2449 risisse
1262 2421 1326 2459 se,
1353 2409 1458 2461 quod

166 2488 253 2514 cum
284 2474 428 2513 Calvus
456 2474 556 2513 mira
585 2474 769 2513 orationis
790 2474 1035 2513 vehementia
1058 2474 1098 2512 in
1116 2473 1323 2514 Vatinium
1341 2473 1459 2512 dixis-

161 2543 235 2590 set,
276 2538 433 2591 quidam
475 2551 498 2578 e
544 2551 687 2577 corona
729 2537 947 2577 admiratus
976 2538 1017 2577 in
1045 2538 1200 2578 tantulo
1228 2537 1456 2590 corpusculo
