1655 2659
704 54 962 95 -15—

188 179 340 214 tantam
377 175 623 225 eloquentiae
650 174 728 212 vim
766 174 899 223 latere,
927 172 1088 211 sublatis
1115 170 1308 221 manibus,
1336 170 1376 208 di
1402 183 1482 209 ma-

188 241 270 291 gni,
298 239 453 289 dixerit,
483 238 726 290 salicippium
764 237 962 286 disertum,
992 235 1405 288 respiciens'videlicet
1432 235 1481 273 ad

188 303 229 342 id
257 303 360 355 quod
387 303 503 354 paulo
532 306 622 341 ante
649 302 905 340 narravimus.
953 300 1121 339 Ridendi
1150 303 1280 338 autem
1312 299 1479 337 occasio-

189 381 276 407 nem
319 367 421 420 cepit
462 371 576 419 poeta
616 379 666 406 ex
713 367 879 418 eleganti
923 366 1097 405 novitate
1125 365 1242 415 vocis,
1271 377 1387 416 quam
1414 364 1482 402 ille

190 432 366 483 quisquis
406 432 503 480 fuit,
547 444 570 469 a
613 430 787 469 saliendo
828 431 868 468 in
912 431 1067 481 cippum
1095 429 1239 467 urbane
1268 428 1480 466 admodum

188 499 427 547 venusteque
468 494 726 534 confinxerat’.
785 493 921 533 Simile
963 494 1053 532 tulit
1093 492 1276 531 iudicium
1304 492 1480 531 Achilles

172 559 355 611 Statius,
380 559 446 609 qui
475 560 515 596 in
551 558 714 596 eandem
743 558 1001 595 coniecturam
1030 556 1212 594 incidisse
1240 560 1373 594 narrat
1399 557 1480 594 Ho-

187 625 365 660 noratum
395 621 618 660 Joannium.
662 620 716 659 At
744 621 890 672 optime
918 620 1010 672 quid
1037 620 1261 659 conveniret
1279 621 1371 659 huic
1391 620 1479 659 loeo

187 686 391 737 perspexit
420 686 502 724 Jos.
533 685 763 735 Scaligerus,
791 686 858 735 qui
886 685 1050 735 expulsa
1067 684 1234 722 Manutii
1258 685 1479 723 coniectura

188 748 372 786 librorum
406 749 611 787 lectionem
654 748 821 787 reduxit.
862 748 970 786 Idem
1007 748 1364 798 interpretationem
1393 761 1479 799 pro-

188 813 323 864 posuit
363 813 432 864 (ad
459 813 577 865 Verg.
608 813 730 853 Catal.
761 815 797 863 9,
826 815 850 852 2
878 826 917 864 p.
951 813 1026 851 509
1063 824 1144 862 sqq.
1174 811 1218 850 cf.
1249 812 1297 850 ad
1326 812 1410 851 Cat.
1439 826 1477 864 p.

193 876 264 927 56)
310 890 385 928 qua
428 890 543 915 nemo
589 877 715 914 adhuc
761 876 999 927 excogitavit
1043 876 1255 913 meliorem.
1310 876 1481 914 Deducit

192 940 296 977 enim
317 940 546 978 vocabulum
567 953 590 977 a
610 939 848 978 Graecorum
866 951 961 977 voce
989 947 1139 983 πόσθων,
1163 950 1241 989 qua
1260 951 1398 990 pueros
1426 940 1480 977 io-

188 1015 275 1042 cose
312 1004 505 1055 appellari
533 1004 668 1042 solitos
697 1004 790 1042 satis
820 1006 972 1042 constat
1000 1003 1067 1054 [cf.
1097 1002 1367 1054 Aristophanis
1394 1016 1479 1055 pac.

191 1066 312 1117 1306)
341 1071 379 1104 et
413 1067 628 1105 salacitatis
669 1067 824 1105 nomine
853 1067 984 1118 aitque
1023 1072 1228 1117 ὕποκόρισμα
1267 1079 1352 1105 esse
1384 1067 1497 1105 illud

187 1130 380 1168 nutricum
398 1143 471 1182 quo
500 1131 786 1182 appellaverint
811 1131 1007 1182 pusiones.
1053 1131 1136 1170 Nec
1154 1131 1256 1168 male
1273 1129 1384 1169 affert
1410 1131 1481 1168 illa

188 1206 287 1244 quae
316 1195 418 1245 apud
450 1194 677 1233 Suetonium
705 1198 855 1243 extant,
883 1195 1090 1233 Horatium
1109 1196 1158 1233 ab
1182 1194 1359 1244 Augusto
1379 1194 1480 1232 inter

189 1257 287 1295 alios
333 1258 435 1296 iocos
481 1270 597 1309 saepe
638 1270 777 1309 penem
817 1258 1065 1308 purissimum
1108 1261 1147 1296 et
1179 1257 1479 1295 homuncionem

191 1320 472 1372 lepidissimum
500 1333 584 1360 esse
613 1312 857 1372 appellatum.
893 1320 992 1371 ‘Non
1019 1322 1136 1372 igitur
1163 1322 1314 1370 mirum,
1342 1321 1481 1372 inquit,

188 1384 221 1422 si
254 1384 446 1434 Catullus,
476 1398 587 1436 quem
617 1385 799 1435 exiguum
826 1384 950 1423 voluit
977 1398 1136 1435 vocare,
1182 1398 1271 1423 eum
1297 1385 1481 1435 salaputii

188 1449 344 1486 nomine
372 1449 559 1500 insigniat
585 1462 690 1488 more
719 1449 912 1487 nutricum
949 1450 1053 1488 salse
1081 1449 1196 1487 nimis
1224 1453 1265 1488 et
1291 1449 1481 1500 nequiter,

189 1512 298 1563 quasi
324 1512 495 1551 nondum
524 1519 622 1564 ἁδρὸς
652 1513 720 1552 sed
743 1521 920 1564 παιδάριον
940 1517 1058 1551 esset.
1114 1512 1201 1551 Non
1232 1514 1336 1551 enim
1363 1513 1481 1564 (pace

190 1576 497 1615 doctissimorum
534 1578 704 1615 virorum
741 1577 922 1628 dixerim)
952 1577 1200 1627 salicippium
1227 1589 1354 1628 neque
1382 1584 1481 1615 καλα·

193 1648 313 1688 βώτιον
352 1641 460 1692 (nam
478 1641 552 1679 hoc
581 1654 731 1692 quoque
761 1642 960 1680 obtrusum
978 1641 1103 1679 fuerat
1122 1640 1304 1691 Catullo),
1331 1640 1402 1679 sed
1420 1654 1480 1679 sa-

188 1705 392 1756 laputium,
421 1708 463 1742 ut
490 1705 634 1743 habent
663 1708 793 1743 cetera
820 1705 1072 1755 exemplaria,
1089 1704 1306 1754 legendum.
1353 1703 1480 1749 Quan-

191 1781 310 1820 quam
338 1769 585 1824 salicippium
605 1773 722 1819 esset,
751 1773 796 1807 ut
815 1769 1036 1809 Crucisalus
1055 1769 1197 1807 Plauto
1215 1768 1480 1808 Bacchidibus

188 1834 241 1884 (2,
272 1835 307 1882 3,
341 1833 447 1885 128).
503 1833 580 1872 Sed
622 1834 716 1885 quia
756 1834 889 1872 multis
927 1833 1087 1872 eruditis
1126 1832 1221 1871 viris
1258 1833 1480 1884 extorqueri

189 1910 265 1935 non
306 1901 447 1948 potest,
495 1898 585 1949 quin
629 1897 808 1936 Catullus
856 1897 1031 1935 alluserit
1075 1897 1115 1934 in
1162 1896 1318 1947 cippum
1365 1909 1478 1947 quem

189 1961 417 1998 ascenderat
445 1960 609 2010 Calvus,
652 1973 729 1998 non
772 1961 813 1999 in
855 1961 1016 1999 brevem
1051 1960 1136 1998 eius
1163 1959 1366 1997 modulum
1396 1972 1478 1997 cor-

188 2023 317 2074 poris:
347 2023 436 2061 audi
464 2024 586 2061 verba
614 2023 810 2062 Senecae:
840 2027 923 2061 erat
949 2023 1138 2074 parvulus
1167 2026 1338 2061 statura:
1365 2036 1478 2074 prop·

188 2090 247 2125 ter
288 2086 392 2138 quod
428 2087 545 2124 etiam
574 2086 752 2125 Catullus
788 2087 828 2124 in
864 2085 1201 2137 hendecasyllabis
1233 2089 1348 2124 vocat
1388 2099 1479 2125 eum

188 2151 423 2202 salaputium
459 2149 654 2189 disertum.
701 2150 824 2189 Vides
860 2150 1023 2188 mullam
1064 2150 1294 2189 allusionem
1330 2150 1370 2188 in
1399 2151 1478 2202 cip-

189 2214 307 2265 pum'.
339 2214 471 2264 Atque
498 2215 596 2252 haec
626 2212 808 2263 Scaliger.
855 2213 1049 2265 Equidem
1077 2217 1123 2251 ut
1149 2214 1425 2265 etymologiam
1453 2227 1478 2252 a

187 2277 272 2316 viro
310 2289 458 2316 summo
495 2277 753 2329 propositam,
793 2289 909 2328 quam
942 2280 1065 2316 totam
1092 2277 1176 2315 fere
1203 2277 1342 2316 deinde
1369 2289 1477 2329 repe·

188 2340 277 2379 tivit
303 2340 564 2380 Doederlinus
601 2340 768 2392 (Synon.
797 2344 838 2379 et
864 2341 995 2392 Etym.
1012 2341 1083 2390 VI,
1113 2341 1210 2392 314)
1250 2341 1355 2379 haud
1382 2354 1477 2380 sane

188 2407 334 2443 certam
363 2404 540 2455 arbitror,
568 2405 624 2444 ita
652 2404 826 2444 eiusdem
852 2405 1207 2457 interpretationem
1227 2405 1477 2457 comprobare

188 2480 263 2506 non
293 2468 438 2507 dubito.
494 2468 742 2520 Quapropter
769 2482 903 2508 eorum
930 2469 1099 2521 ineptias
1127 2469 1193 2520 qui
1220 2469 1364 2520 spretis
1384 2468 1476 2507 Sca-

185 2529 298 2583 ligeri
326 2532 458 2572 verbis
487 2532 741 2583 emendando,
759 2533 794 2572 si
822 2533 884 2572 dis
911 2533 1054 2585 placet,
1083 2533 1218 2572 tollere
1245 2533 1362 2572 huius
1391 2545 1476 2571 ver-
