1655 2659
675 42 939 82 —50—

282 156 507 210 Lycotas
535 156 594 209 V,
623 159 669 209 3,
700 158 721 197 1
749 159 847 198 haee
874 158 1073 199 Arethusa
1100 172 1171 200 suo
1198 161 1321 201 mittit
1346 174 1453 202 man-

152 220 246 261 data
274 222 468 275 Lycotae'.

280 278 558 328 Parthen'ie
584 288 635 340 V,
658 290 693 340 7,
715 290 765 328 74
787 290 921 328 nutrix
943 290 985 329 in
997 291 1171 329 tremulis
1189 291 1337 344 nequid
1352 292 1451 332 desi·
1469 293 1472 296 ’

150 351 263 391 deret
300 353 416 391 annis
444 378 497 383 —
524 354 761 393 Parthenie’.
798 377 844 385 -—
871 362 1060 405 Παρθενία,
1082 363 1262 405 Παρθενίη
1297 355 1451 397 Graeci.

277 417 458 456 Petale
484 418 541 468 V,
572 419 616 467 7,
653 419 704 456 43
733 422 942 470 nostraque
969 419 1073 471 quod
1100 420 1241 458 Petale
1282 421 1372 459 tulit
1398 421 1449 459 ad

147 484 402 520 monumenta
444 494 604 521 coronas
633 505 686 512 —
714 482 859 521 codicis
897 483 1088 523 immundi
1124 484 1280 523 vincula
1323 486 1445 525 sentit

147 546 270 587 anus’.
298 571 352 577 —
380 553 514 595 Πετάλη
538 547 690 587 Graeci.

279 610 560 663 Strymonis
600 611 660 662 V,
703 612 746 662 4,
789 613 839 651 72
868 612 938 651 illa
964 613 1068 664 ruit,
1111 614 1237 665 qualis
1279 614 1446 654 celerem

147 687 267 727 prope
295 675 590 715 Thermodonta
617 700 671 706 —
699 675 914 729 Strymonis
943 677 1120 718 abscisso
1156 678 1278 718 fertur
1306 682 1445 732 aperta

145 741 258 779 Sinu'.
288 764 339 770 —
368 746 571 791 Στρυμονίς,
594 747 663 779 [doc
688 740 840 781 Graeci.

274 804 381 843 Illud
409 804 512 856 quod
541 807 600 843 est

274 868 554 909 Oromedon
591 867 677 919 IV,
715 869 765 918 8,
809 869 860 907 48
888 872 928 908 te
957 869 1055 909 duce
1095 871 1159 910 vel
1185 870 1288 910 Iovis
1330 884 1440 910 arma

144 947 280 973 canam
325 934 512 985 caeloque
562 934 774 971 minantem
816 957 868 964 -
916 933 1078 972 Coelum
1130 938 1168 973 et
1214 935 1440 986 Phlegraeis

144 997 406 1038 Oromedonta
442 997 564 1048 iugis,
602 997 717 1036 nihili
764 1010 848 1036 esse
883 998 1204 1050 scribendumque
1239 998 1440 1051 ,Euryme-

144 1063 274 1103 donta’
304 1063 384 1102 iam
401 1062 628 1101 Huschkius
661 1062 941 1102 demonstravit
969 1063 1087 1102 anall.
1120 1063 1193 1102 litt.
1226 1063 1304 1103 320
1319 1077 1439 1115 sq.—

142 1129 276 1180 Atque
304 1130 494 1168 hactenus
522 1128 571 1166 de
599 1128 819 1166 nominibus
846 1128 1024 1179 propriis.

560 1283 623 1316 2.
644 1282 1025 1322 Appellativa.

268 1369 470 1441 Adryas
498 1388 540 1439 I,
573 1389 647 1439 20,
692 1390 740 1427 12
769 1401 848 1427 non
875 1389 1001 1427 minor
1028 1387 1216 1427 Ausoniis
1246 1391 1304 1427 est
1331 1400 1438 1427 amor

55 1462 59 1470 ‘
138 1454 363 1507 Adryasin'.
393 1452 537 1492 Graeci
562 1454 717 1503 Ἄδρυάς.

266 1529 406 1568 baris
436 1533 561 1579 (βᾶρις)
591 1528 670 1578 IV,
703 1529 771 1579 10,
806 1529 858 1567 44
886 1527 1046 1567 baridos
1075 1531 1116 1567 et
1150 1528 1273 1567 contis
1310 1530 1436 1567 rostra

135 1594 316 1633 Liburna
344 1593 479 1645 sequi’.
537 1592 664 1644 Saepe
691 1593 887 1632 invenitur
923 1606 970 1631 ea
997 1606 1073 1632 vox
1101 1592 1204 1644 apud
1230 1592 1435 1643 scriptores

135 1671 312 1711 graecos.
369 1657 443 1697 Est
471 1657 720 1711 Aegyptiace.
748 1658 827 1697 vid.
856 1658 978 1710 intpp.
1009 1657 1058 1697 ad
1086 1657 1183 1696 Her.
1213 1657 1251 1708 2,
1280 1657 1353 1711 41,
1382 1657 1433 1695 96

135 1723 200 1774 (ef.
230 1727 270 1763 et
286 1722 404 1762 Diod.
429 1724 464 1773 1,
483 1723 568 1774 92).
611 1722 678 1762 Ad
692 1724 925 1763 sententiam
944 1724 992 1764 ef.
1008 1722 1107 1762 Hor.
1123 1721 1235 1773 epod.
1255 1722 1289 1771 1,
1320 1722 1338 1759 1
1357 1721 1434 1759 ibis

134 1786 323 1826 Liburnis
350 1787 452 1825 inter
480 1787 561 1825 alta
587 1787 757 1837 navium,
788 1810 837 1817 —
867 1788 1004 1837 amice,
1035 1785 1337 1838 propugnacula.

266 1859 478 1901 heroine
514 1859 560 1911 I,
601 1860 675 1911 13,
723 1861 773 1900 31
802 1861 872 1901 illa
902 1861 952 1900 sit
978 1859 1150 1899 Inachiis
1179 1862 1220 1898 et
1246 1857 1428 1898 blandior

137 1923 310 1962 hercinia
330 1923 378 1962 of.
397 1922 451 1973 11,
480 1924 517 1973 2,
546 1925 569 1961 9
590 1923 721 1975 qualis
740 1927 779 1962 et
792 1923 1071 1962 Ischomaohae
1085 1921 1279 1973 Lapithae
1307 1931 1431 1971 genus

131 1987 312 2038 heroin03
339 1986 371 2036 I,
403 1987 464 2037 19,
497 1986 545 2026 13
573 1987 656 2026 illio
674 1986 867 2026 formosae
895 1986 1056 2026 veniant
1071 1984 1212 2025 chorus
1232 1983 1429 2022 heroinae.

133 2073 187 2081 —
214 2054 346 2102 ἡρωίνη
373 2062 490 2103 saepe
519 2051 686 2090 occurrit
715 2050 820 2103 apud
849 2050 1035 2090 Graecos.

264 2126 481 2178 Lygmon
536 2124 599 2176 V,
659 2126 711 2176 1,
768 2127 819 2165 29
875 2126 1000 2177 prima
1055 2125 1243 2177 galeritus
1297 2124 1431 2175 posuit

133 2190 334 2242 praetoria
396 2190 599 2243 Lygmon’.
691 2190 835 2228 Forma
889 2202 1032 2240 graeca
1085 2188 1253 2227 nominis
1309 2187 1429 2226 Etru·
1482 2202 1483 2205 ¹

131 2254 187 2292 sei
204 2253 383 2292 Lucumo
411 2252 660 2305 (Lauohme).
690 2252 748 2291 Of.
775 2252 1009 2306 Hertzberg.
1041 2252 1102 2291 ad.
1131 2252 1167 2291 h.
1196 2252 1223 2291 l.
1250 2250 1429 2289 Niebuhr

131 2317 223 2358 hist.
252 2316 302 2356 R.
333 2318 375 2368 1,
417 2318 493 2356 123
521 2330 603 2369 sqq.
633 2317 679 2357 Ο.
708 2317 844 2357 Muell.
875 2317 1031 2356 Etruso.
1064 2317 1098 2367 1,
1128 2317 1205 2355 336
1239 2328 1296 2366 sq.

262 2398 343 2439 Hie
368 2399 580 2438 memorari
606 2401 740 2450 potest
767 2399 887 2438 etiam
913 2398 1012 2437 illud

265 2471 602 2513 crotalistria*
626 2473 678 2524 V,
719 2475 757 2524 8,
786 2474 835 2512 39
864 2472 1017 2512 Nilotes
1045 2472 1193 2512 tibicen
1221 2473 1315 2520 erat,
1344 2483 1426 2509 oro-

137 2538 302 2580 talistria
329 2538 503 2591 Phyllis’.
557 2538 708 2578 Eadem
742 2550 840 2578 voce
867 2550 962 2577 usus
991 2539 1049 2576 est
1076 2536 1274 2576 Publilius
1302 2534 1424 2588 Syrus
