1655 2659
694 51 952 92 —15-

178 175 330 211 tantam
367 171 613 223 eloquentiae
639 170 718 210 vim
755 170 889 221 latere,
917 169 1078 209 sublatis
1105 168 1298 219 manibus,
1325 168 1366 207 di
1392 181 1472 207 ma-

177 237 259 287 gni,
288 236 443 285 dixerit,
473 236 715 286 salicippium
754 235 953 283 disertum,
982 233 1395 285 respiciens'videlicet
1421 233 1470 271 ad

177 299 219 337 id
247 299 350 351 quod
376 299 493 350 paulo
522 302 612 337 ante
639 299 895 337 narravimus.
943 297 1111 336 Ridendi
1141 300 1270 336 autem
1302 297 1469 335 occasio-

178 375 266 401 nem
308 363 411 413 cepit
451 366 567 413 poeta
606 374 657 400 ex
703 362 870 412 eleganti
912 362 1087 399 novitate
1115 361 1233 409 vocis,
1261 372 1376 410 quam
1404 360 1471 397 ille

179 425 355 477 quisquis
396 425 470 463 fuit
483 454 493 474 ,
537 438 561 463 a
603 424 777 463 saliendo
818 425 858 463 in
902 425 1057 476 cippum
1085 423 1230 462 urbane
1258 423 1469 462 admodum

178 493 416 540 venusteque
458 488 716 527 confinxerat’.
774 488 911 527 Simile
953 489 1044 526 tulit
1083 487 1266 525 iudicium
1294 486 1470 526 Achilles

161 552 344 604 Statius,
369 553 436 603 qui
465 553 505 590 in
541 552 703 590 eandem
732 552 991 589 coniecturam
1020 550 1202 588 incidisse
1230 555 1363 589 narrat
1389 551 1470 589 Ho-

177 619 362 654 noratum·
385 615 411 655 J
414 615 608 655 oannium.
651 615 706 654 At
733 616 880 667 optime
907 615 1000 666 quid
1026 615 1251 654 conveniret
1269 616 1361 654 huic
1381 616 1469 655 loco

144 732 145 735 Ἴ
177 680 380 732 perspexit
410 680 492 718 Jos.
522 679 753 730 Scaligerus,
780 680 848 730 qui
876 679 1040 730 expulsa
1057 679 1224 717 Manutii
1247 679 1470 718 coniectura

177 742 362 781 librorum
396 744 601 782 lectionem
643 743 811 783 reduxit.
851 743 959 782 Idem
997 743 1355 794 interpretationem
1383 756 1469 795 pro-

178 808 313 857 posuit
352 808 421 858 (ad
449 808 567 859 Verg.
597 809 719 847 Catal.
750 810 786 858 9,
815 810 839 846 2
867 821 907 859 p.
940 808 1016 846 509
1052 819 1133 857 sqq.
1164 807 1208 845 cf.
1239 807 1287 845 ad
1316 807 1400 845 Cat.
1429 821 1467 859 p.

182 869 253 922 56)
299 884 375 923 qua
417 884 533 910 nemo
578 871 704 910 adhuc
750 871 989 922 excogitavit
1032 870 1245 909 meliorem.
1300 870 1471 910 Deducit

181 935 286 972 enim
306 935 536 973 vocabulum
556 948 579 973 a
599 934 837 973 Graecorum
855 947 950 973 voce
978 943 1129 978 πόσθων,
1153 946 1231 985 qua
1249 947 1388 985 pueros
1416 935 1470 973 io-

177 1009 264 1036 cose
301 998 494 1049 appellari
522 998 658 1037 solitos
686 998 780 1036 satis
809 1001 962 1037 constat
989 998 1057 1048 (cf.
1087 997 1357 1049 Aristophanis
1384 1011 1469 1050 pac.

180 1060 302 1111 1306)
330 1065 369 1099 et
402 1061 618 1100 salacitatis
658 1062 814 1099 nomine
842 1062 974 1113 aitque
1013 1066 1218 1112 ὑποκόρισμα
1256 1074 1342 1100 esse
1373 1062 1469 1100 illud

177 1125 370 1163 nutricum
387 1137 461 1176 quo
489 1125 775 1177 appellaverint
800 1125 997 1177 pusiones.
1024 1125 1126 1165 'Nec
1143 1125 1246 1164 male
1262 1124 1374 1164 affert
1399 1125 1471 1164 illa

178 1202 277 1240 quae
306 1190 408 1241 apud
439 1189 667 1229 Suetonium
695 1193 846 1239 extant,
872 1190 1080 1230 Horatium
1098 1192 1148 1229 ab
1172 1190 1349 1241 Augusto
1368 1190 1470 1229 inter

178 1253 277 1291 alios
322 1254 425 1292 iocos
471 1266 588 1305 saepe
627 1267 767 1306 penem
807 1254 1055 1305 purissimum
1098 1258 1138 1293 et
1169 1254 1469 1293 homuncionem

181 1317 462 1369 lepidissimum
489 1330 574 1357 esse
602 1309 847 1370 appellatum.
883 1318 983 1369 ,Non
1009 1319 1127 1369 igitur
1153 1319 1305 1368 mirmn,
1332 1318 1471 1369 inquit,

178 1381 212 1418 si
244 1381 437 1431 Catullus,
466 1394 578 1433 quem
607 1382 790 1432 exiguum
817 1381 941 1419 voluit
968 1395 1126 1432 vocare,
1172 1394 1262 1420 eum
1287 1382 1471 1433 salaputii

178 1445 334 1483 nomine
362 1446 550 1496 insigniat
575 1459 680 1485 more
709 1446 902 1484 nutricum
939 1447 1043 1485 salse
1070 1447 1187 1485 nimis
1214 1450 1255 1485 et
1281 1446 1472 1497 nequiter,

179 1509 289 1559 quasi
315 1509 486 1548 nondum
514 1516 613 1562 ἁδρὸς
642 1510 710 1549 sed
733 1518 911 1562 παιδάριον
930 1514 1048 1548 esset.
1104 1509 1191 1549 Non
1222 1511 1326 1549 enim
1353 1510 1471 1562 (pace

180 1573 488 1612 doctissimorum
524 1575 694 1612 virorum
730 1574 912 1625 dixerim)
942 1574 1190 1624 salicippium
1217 1586 1344 1625 neque
1372 1582 1471 1612 καλα-

183 1645 303 1685 βώτιον
342 1638 451 1689 (nam
468 1638 542 1676 hoc
571 1650 721 1689 quoque
750 1638 950 1677 obtrusum
968 1637 1094 1676 fuerat
1111 1636 1295 1689 Catullo),
1321 1637 1392 1676 sed
1410 1650 1471 1676 sa-

177 1702 382 1753 laputium,
411 1705 453 1740 ut
479 1702 625 1741 habent
653 1706 783 1741 cetera
810 1702 1062 1753 exemplaria,
1079 1701 1296 1752 legendum.
1343 1701 1471 1746 Quan-

181 1778 300 1817 quam
328 1766 576 1817 salicippium
595 1770 712 1816 esset,
741 1770 786 1804 ut
805 1766 1026 1806 Crucisalus
1045 1766 1188 1804 Plauto
1205 1764 1470 1805 Bacchidibus

178 1830 232 1880 (2,
262 1831 297 1879 3,
331 1829 437 1881 128).
493 1829 570 1869 Sed
612 1830 706 1882 quia
746 1830 879 1869 multis
916 1830 1077 1869 eruditis
1116 1828 1211 1867 viris
1247 1829 1470 1881 extorqueri

179 1907 256 1931 non
296 1897 437 1945 potest,
485 1894 576 1946 quin
619 1893 798 1932 Catullus
846 1894 1021 1932 alluserit
1065 1894 1105 1931 in
1152 1892 1309 1944 cippum
1355 1905 1469 1944 quem

179 1957 407 1996 ascenderat
435 1957 600 2007 Calvus,
642 1970 720 1996 non
762 1958 804 1997 in
845 1958 1006 1997 brevem
1042 1957 1127 1996 eius
1153 1956 1357 2001 modulum
1386 1969 1468 1995 cor-

178 2021 308 2072 poris:
337 2021 427 2059 audi
454 2022 577 2060 verba
605 2021 801 2061 Senecae:
831 2025 914 2060 erat
940 2021 1129 2073 parvulus
1157 2024 1329 2059 statura:
1356 2035 1469 2072 prop-

179 2088 238 2123 ter
279 2084 382 2136 quod
419 2085 536 2123 etiam
564 2083 743 2123 Catullus
778 2085 819 2123 in
854 2083 1192 2136 hendecasyllabis
1224 2087 1339 2123 vocat
1378 2097 1469 2124 eum

179 2149 414 2201 salaputium
449 2148 645 2188 disertum.
692 2148 815 2188 Vides
851 2149 1014 2188 mullam
1054 2149 1285 2188 allusionem
1320 2149 1362 2187 in
1390 2150 1469 2202 cip-

179 2212 298 2265 pum’.
330 2213 462 2264 Atque
489 2214 588 2251 haec
617 2212 799 2263 Scaliger.
846 2213 1040 2265 Equidem
1068 2216 1113 2251 ut
1140 2213 1416 2265 etymologiam
1444 2226 1469 2252 a

178 2277 263 2316 viro
301 2289 449 2316 summo
485 2277 744 2329 propositam,
783 2289 900 2329 quam
932 2280 1056 2316 totam
1083 2277 1166 2316 fere
1193 2276 1333 2323 deinde
1359 2289 1468 2330 repe-

178 2341 268 2380 tivit
294 2341 555 2380 Doederlinus
592 2340 759 2393 (Synon.
788 2344 829 2380 et
855 2341 985 2393 Etym.
1003 2341 1074 2391 VI,
1104 2342 1201 2393 314)
1226 2337 1345 2380 vhaud
1372 2355 1468 2381 sane

179 2407 325 2443 certam
354 2404 531 2454 arbitror,
559 2405 615 2443 ita
643 2405 817 2444 eiusdem
843 2405 1198 2457 interpretationem
1218 2405 1468 2457 comprobare

178 2480 255 2507 non
284 2468 429 2508 dubito.
485 2468 732 2521 Quapropter
760 2482 894 2508 eorum
922 2469 1090 2522 ineptias
1118 2469 1184 2521 qui
1211 2469 1355 2521 spretis
1375 2467 1467 2508 Sca-

176 2530 289 2583 ligeri
317 2532 449 2572 verbis
478 2532 732 2583 emendando,
750 2533 784 2572 si
813 2533 875 2572 dis
902 2533 1045 2584 placet,
1073 2533 1209 2572 tollere
1235 2532 1353 2571 huius
1382 2544 1468 2571 ver-
