1655 2659
694 16 945 69 4424.

168 150 252 177 can.
276 139 309 188 1,
353 139 427 179 421
460 152 537 193 qua
564 140 679 181 litore
707 156 825 184 curvo
853 149 905 175 *—
933 146 1101 187 molliter
1121 146 1458 190 admissum‘clau-

169 201 227 242 dit
255 203 498 243 Tarbellicus
527 219 685 258 aequor,
715 212 754 247 et
783 209 932 249 Auson.
961 212 1120 263 profess.
1156 214 1216 264 16,
1246 216 1267 253 7
1298 214 1460 255 Tarbel-

167 266 245 304 lica
272 267 433 305 Maurae
461 292 515 298 —-
543 271 678 308 matris
708 273 816 323 origo
844 274 937 324 fuit3
966 275 1077 326 epist.
1099 277 1162 326 24,
1195 278 1270 316 125
1299 278 1460 318 Tarbel-

167 330 246 370 lica
273 331 351 370 iam
379 335 487 372 tenet
515 346 625 385 arva,
643 335 794 378 Mosell.
824 339 900 377 468
931 339 1173 380 Tarbellicus
1200 341 1273 381 ibit
1292 342 1456 384 Aturus.

297 406 480 445 Fortasse
508 412 712 448 memorari
740 416 871 462 potest
898 415 1015 452 etiam
1042 415 1151 453 illud.

298 480 579 534 Aquitanus
613 483 654 534 I,
684 485 729 536 7,
776 486 799 524 3
828 487 929 526 hunc
956 487 1050 538 fore,
1080 488 1298 541 Aquitanas
1326 494 1461 542 posset

172 545 237 596 qui
265 546 428 584 fundere
457 551 594 597 gentes
624 548 671 586 cf.
701 550 849 588 Auson.
887 552 970 589 urb.
1019 554 1091 602 12,
1129 555 1165 603 6,
1206 554 1309 592 inter
1339 555 1459 606 Aqui-

168 612 280 648 tanas
323 612 459 660 gentes
506 616 544 648 et
587 623 728 651 nomen
767 613 940 665 Iberum3
981 619 1127 668 parent.
1158 616 1236 669 24,
1278 618 1301 657 7
1330 618 1460 671 stirpis

168 673 393 724 Aquitanae
438 678 565 713 mater
604 676 688 715 tibi.
718 702 769 707 —
806 678 954 719 Ceteris
994 682 1088 720 locis
1124 682 1191 720 ubi
1217 683 1360 733 legitur
1388 684 1461 723 hoc

168 738 427 788 vocabulum,
473 740 759 780 substantivum
789 747 858 782 est.
888 768 939 774 -—
967 744 1261 797 Aquitanicus
1294 748 1461 787 occurrit

170 801 272 852 apud
302 801 477 840 Plinium
506 804 781 854 (Aquitanicus
810 808 933 857 sinus)
969 812 1007 846 et
1034 810 1286 848 Ammianum
1314 811 1460 860 (Gallia

171 868 210 903 et
236 866 442 916 provincia
472 867 708 919 Aquitanica
735 870 914 923 idemque
943 884 1005 924 ap.
1026 872 1150 924 Plin.)
1170 876 1208 912 et
1226 874 1462 925 aliquotiens·

168 942 231 980 ap.
260 930 495 969 Ausonium.

298 1005 374 1044 His
402 1006 703 1048 denominativis
732 1010 952 1050 addendum
981 1015 1044 1051 est

298 1084 682 1134 quotuscunque
711 1085 764 1134 ΙΙ,
796 1087 831 1135 6,
861 1086 911 1124 54
940 1109 979 1115 -
1019 1087 1113 1125 satis
1143 1088 1263 1126 anxia
1278 1088 1458 1141 vivas—

168 1145 332 1183 moverit
359 1158 380 1184 e
408 1147 506 1186 votis
534 1162 623 1199 pars
653 1154 924 1202 quotacunque
953 1149 1070 1188 deos’.
1117 1150 1295 1189 Eandem
1323 1165 1459 1194 vocem

168 1207 372 1247 ePutean.
404 1209 479 1248 div.
510 1212 596 1250 lect.
624 1216 823 1264 receperat
849 1213 1040 1251 Heinsius
1068 1213 1181 1251 Ovid.
1202 1215 1283 1274 her.
1307 1216 1367 1265 13,
1390 1215 1458 1253 60:

1385 0 1405 28 i·
1438 3 1444 27 ᾳ
1480 0 1554 33 ῑῑτςξ

1561 54 1574 61 „

169 1275 209 1309 et
236 1273 410 1324 sequitur
437 1276 550 1326 regni
591 1290 680 1328 pars
722 1281 992 1328 quotacunque
1035 1278 1105 1328 sui,
1147 1278 1214 1317 ubi
1241 1278 1458 1318 Merkelius
1528 1333 1531 1336 Ι

160 1336 329 1387 -εοτίρείὺ
356 1351 458 1389 ιΡειη
487 1345 636 1392 quota
665 1355 901 1394 quemque
932 1342 1018 1380 sui’.
1053 1342 1157 1381 ldem
1185 1342 1311 1380 medic
1341 1342 1455 1380 form.

166 1411 192 1436 v
232 1401 279 1439 31
318 1406 377 1441 est
413 1404 532 1443 etiam
571 1406 768 1457 placuisse
796 1406 870 1446 sibi
907 1407 1121 1458 cuicunque
1159 1406 1349 1457 voluptas,
1391 1405 1461 1444 ubi

167 1462 341 1504 Hensius
372 1469 494 1506 voluit
530 1475 925 1523 quotacunque
961 1472 1155 1522 voluptas.
1185 1472 1244 1508 Ac
1272 1470 1460 1521 posterio-

167 1539 209 1565 re
261 1529 420 1580 quidem
466 1532 552 1571 loco
599 1539 705 1573 recte
742 1536 827 1574 sine
873 1535 991 1573 dubio
1037 1534 1273 1584 Merkelius3
1327 1535 1459 1585 priore

167 1595 299 1631 utrum
327 1606 463 1634 verum
488 1597 541 1635 sit
573 1607 649 1637 non
676 1600 834 1651 penitus
861 1600 1100 1651 intnospecta
1118 1611 1161 1637 re
1181 1597 1352 1637 dubitari
1371 1610 1459 1649 pos-

167 1656 227 1695 sit.
284 1658 444 1699 Etenim
473 1674 683 1715 sanequam
713 1668 805 1716 apta
833 1665 985 1703 videtur
1014 1663 1208 1702 sententia
1235 1663 1351 1701 haec:
1396 1667 1458 1701 est

167 1733 260 1760 sane
288 1725 485 1764 timendus
506 1727 573 1765 ille
593 1728 803 1777 Troianus,
836 1729 977 1780 quippe
1007 1728 1073 1779 qui
1099 1727 1221 1766 tantis
1249 1727 1459 1765 instructus

167 1787 305 1837 opibus
323 1789 399 1827 huc
415 1792 582 1842 venerit;
611 1795 651 1830 at
669 1797 812 1843 quanto
833 1793 998 1831 maiores
1017 1792 1121 1830 domi
1139 1804 1229 1830 eum
1257 1791 1459 1841 reliquisse

168 1853 353 1891 credibile
381 1854 467 1892 est?
496 1855 619 1907 Atqui
646 1860 838 1907 repugnat
864 1855 956 1894 huic
974 1854 1289 1906 interpretationi
1305 1858 1459 1905 tempus

167 1928 352 1967 praesens
380 1919 578 1970 ‘sequitur’
609 1919 710 1971 quod
737 1920 970 1958 sententiam
998 1919 1191 1970 significat
1220 1918 1457 1969 generalem.

169 1980 296 2025 Quare
317 1983 468 2033 melius,
496 1984 643 2035 opinor,
673 1984 846 2033 alteram,
876 1984 915 2022 id
944 1988 1013 2033 est,
1043 1982 1224 2021 Merkelii
1251 1982 1458 2020 lectionem

167 2046 419 2098 probabimus
449 2060 494 2086 ac
522 2048 578 2087 sic
596 2048 951 2100 interpretabimur:
982 2047 1123 2086 multas
1144 2049 1220 2085 huc
1239 2046 1371 2084 attulit
1389 2045 1457 2085 ille

168 2123 279 2163 opes3
308 2116 348 2150 at
375 2113 498 2151 multo
528 2114 700 2151 maiores
729 2113 864 2165 procul
893 2112 1009 2150 dubio
1037 2111 1194 2163 reliquit
1221 2110 1338 2160 domi,
1367 2121 1458 2148 nam

167 2189 288 2228 parva
316 2190 406 2229 pars
436 2191 552 2230 opum
580 2180 752 2231 sequitur
780 2179 1084 2231 peregrinantes.
1132 2176 1237 2228 Ergo
1265 2188 1457 2227 nusquam

167 2240 262 2279 alibi
278 2241 441 2293 reperiri
470 2242 567 2280 illud
594 2246 885 2294 quotuscunque
913 2242 1102 2280 fateamur
1129 2252 1292 2279 necesse
1320 2243 1389 2277 est.
1406 2261 1456 2268 —

275 2328 359 2366 Iam
400 2341 542 2380 ponam
586 2341 633 2367 ea
673 2342 773 2381 quae
817 2329 1032 2380 singularia
1072 2326 1190 2367 habet
1230 2325 1458 2378 panegyrici

167 2391 346 2442 scriptor,
373 2405 473 2444 quae
503 2406 573 2431 cur
601 2406 775 2432 seorsum
792 2393 971 2445 ponenda
998 2392 1218 2444 putaverim
1237 2390 1335 2429 mihi
1361 2401 1456 2441 pau-

167 2456 223 2495 cis
254 2457 328 2496 erit
355 2456 639 2509 exponendum.
695 2457 825 2510 Atque
868 2458 976 2496 illius
1005 2456 1162 2510 quidem
1189 2455 1249 2496 rei
1277 2467 1355 2494 non
1383 2454 1459 2494 erit

167 2522 304 2560 melior
331 2521 514 2572 defensio,
543 2535 658 2573 quam
687 2523 720 2561 si
748 2522 863 2560 certis
893 2521 1135 2573 argumentis
1162 2533 1240 2559 non
1277 2531 1363 2559 esse
1391 2518 1458 2558 Ti-
