1655 2659
0 2579 7 2589 ι
22 2567 53 2589 -Ᾰῗζ

0 2591 18 2659 ἒ
21 2597 38 2613 ⁴³·
64 2616 78 2624 ‘⁶'
91 2594 94 2596 v

76 2638 130 2659 21-3*
144 2651 148 2654 .
226 2653 229 2655 .

635 51 969 92 ”-25-

203 171 264 219 13,
293 171 392 208 79οε
419 169 615 207 candidior
640 169 734 207 folio
761 170 879 218 nivei,
909 168 1089 217 Galatea,
1116 168 1274 217 ligustri
1300 190 1354 197 —-
1381 168 1481 206 flori-

201 232 284 272 dior
310 233 443 284 pratis.
471 232 588 272 Prud.
623 232 835 285 peristeph.
869 233 928 281 10,
963 232 1035 270 192
1077 244 1171 270 mox
1210 231 1319 269 flevit
1358 231 1482 283 impu-

197 301 304 337 ratus
332 297 502 335 occisum
531 298 640 347 gravi
667 321 720 327 —-
748 297 854 335 disco
883 300 923 334 et
950 296 1096 334 dicavit
1121 296 1368 334 florulentum
1395 308 1481 333 suc-

200 360 349 401 cubam.
391 360 438 398 cf.
468 361 586 398 etiam
613 362 697 400 Cat.
728 361 791 408 64,
820 360 899 400 252
926 360 1064 398 florens
1093 359 1269 398 Iacchus.
1307 358 1482 397 Muretus

200 425 441 476 comparavit
468 424 704 463 Graecorum
726 430 877 475 ἀνθηρά,
904 430 1095 474 ἀκμάζουσα

326 489 502 526 imulus
544 490 620 539 25,
661 489 686 528 2
728 489 879 527 mollior
915 513 967 519 --
994 489 1058 527 vel
1087 488 1238 526 anseris
1266 486 1481 525 medullula

198 553 264 591 vel
305 553 423 591 imula
468 552 647 592 oricilla’.'
700 551 853 591 Eodem
886 553 999 591 modo
1039 553 1249 590 formatum
1283 555 1346 589 est
1381 551 1480 589 illud

198 616 418 654 bimulus
470 617 537 666 17,
586 617 633 654 13
678 628 752 654 nec
794 617 897 667 sapit
931 616 1044 667 pueri
1094 616 1219 653 instar
1250 637 1303 643 -
1344 614 1480 652 bimuli

197 680 362 718 tremula
396 679 517 731 patris
561 679 783 717 dormientis
828 679 869 717 in
911 680 1015 717 ulna.
1075 678 1205 730 Atque
1247 678 1480 716 adiectivum

199 743 387 780 imulus
416 755 603 793 nusquam
631 743 728 781 alias
756 743 975 792 invenitur,
1002 742 1043 780 id
1061 742 1164 793 quod
1184 746 1244 780 est
1270 741 1482 781 bimulus

201 806 319 844 etiam
349 805 557 844 Suetonius
592 807 710 845 habet
738 806 860 857 Galig.
891 808 932 845 8:
971 806 1126 845 abunde
1153 818 1289 857 parere
1317 806 1482 843 arbitror

198 881 276 907 non
304 870 483 919 potuisse
511 871 566 908 ibi
593 872 701 909 nasci
723 871 877 919 Gaium,
897 882 974 921 quo
1001 883 1122 921 prope
1141 870 1310 907 bimulus
1328 869 1481 907 demum

198 932 413 984 perductus
440 933 489 971 ab
516 933 610 972 urbe
643 933 707 973 sit.
738 958 787 964 -

324 996 576 1036 lacteolus
609 999 671 1047 55,
696 999 741 1036 17
768 1011 861 1036 num
882 1001 921 1036 te
939 998 1129 1036 lacteolae
1147 1001 1279 1036 tenent
1296 997 1482 1048 puellae?

199 1059 417 1099 Lacteolus
463 1061 511 1100 de
555 1061 720 1101 candore
756 1062 911 1112 dictum,
937 1065 982 1100 ut
1006 1062 1154 1101 lacteus
1182 1061 1277 1100 Hor.
1306 1073 1422 1100 carm.
1451 1061 1483 1111 Ι,

203 1125 273 1174 13,
301 1124 327 1163 2
368 1125 497 1164 lactea
539 1125 704 1177 Telephi
743 1125 882 1164 laudas
916 1125 1089 1176 brachia,
1115 1126 1184 1164 ubi
1211 1125 1308 1163 illud
1334 1126 1484 1177 ‘lactea’

198 1187 401 1228 Bentleius
446 1190 592 1241 optime
634 1202 657 1228 e
697 1190 813 1242 Capri
853 1190 979 1229 verbis
1010 1190 1064 1243 (p.
1094 1191 1198 1229 2242
1225 1189 1291 1241 P)
1317 1190 1486 1229 restituit

135 1268 144 1275 ⁶
200 1265 269 1304 pro
307 1252 442 1305 inepta
474 1254 664 1292 librorum
691 1255 861 1293 lectione
889 1254 1043 1306 ‘cerea’.
1071 1254 1163 1293 Vid.
1182 1254 1310 1305 ipsius
1337 1258 1482 1303 notam,

201 1316 268 1354 ubi
315 1321 583 1368 comparantur
619 1317 736 1368 Verg.
770 1318 872 1356 Aen.
917 1320 975 1368 10,
1016 1319 1088 1357 137
1123 1318 1229 1356 fusos
1259 1318 1394 1357 cervix
1421 1313 1482 1356 cui

197 1380 326 1419 lactea
362 1381 491 1419 crines
527 1405 577 1411 --
605 1382 757 1432 accipit,
811 1381 970 1421 Nemes.
998 1383 1035 1431 9,
1066 1383 1117 1420 80
1159 1394 1373 1433 purpureas
1399 1382 1484 1419 lau-

200 1443 328 1482 dando
371 1457 492 1493 genas
535 1448 574 1482 et
614 1446 748 1483 lactea
789 1446 899 1484 colla.
956 1445 1146 1484 Similiter
1171 1445 1338 1484 Venant.
1367 1458 1482 1483 carm.

200 1507 239 1557 8,
270 1507 330 1558 12,
364 1509 410 1547 12
439 1521 577 1547 aureus
604 1509 696 1547 ordo
726 1501 851 1547 crocis
878 1510 1002 1559 violis,
1030 1510 1121 1547 hinc
1148 1510 1315 1548 blatteus
1342 1509 1484 1548 exit—

201 1571 379 1609 coccinus
407 1572 498 1610 hinc
526 1573 700 1622 rubicat,
736 1573 934 1612 lacteus
975 1574 1066 1611 inde
1108 1574 1265 1622 nivet,
1305 1573 1484 1624 idemque

203 1634 240 1684 8,
292 1636 337 1683 1,
381 1635 431 1673 27
475 1636 584 1687 regia
628 1636 847 1675 lactineo
889 1641 1127 1676 commutans
1172 1637 1291 1688 pallia
1338 1637 1482 1675 cultu.

201 1698 483 1750 Peerlkampus
525 1701 591 1750 qui
636 1701 798 1738 eandem
840 1713 956 1751 quam
996 1701 1201 1739 Bentleius
1244 1701 1285 1738 in
1320 1701 1483 1740 Horatio

199 1761 339 1814 probat
375 1763 582 1802 lectionem
626 1764 726 1802 adiri
771 1764 880 1803 iubet
916 1765 1038 1817 intpp.
1069 1764 1119 1802 ad
1148 1764 1216 1804 Sil.
1249 1766 1309 1816 12,
1337 1766 1401 1805 45.
1431 1791 1483 1796 -

202 1824 383 1865 Ceterum
402 1828 541 1878 legitur
560 1829 792 1867 adiectivum
818 1829 1011 1867 lacteolus
1040 1829 1159 1867 simili
1188 1842 1307 1867 sensu
1334 1831 1482 1868 Auson.

202 1900 265 1940 ep.
283 1890 318 1939 7,
346 1890 397 1928 46
428 1903 527 1943 quae
561 1892 632 1943 (sc.
650 1894 770 1943 testa)
799 1893 981 1932 ferventis
1009 1905 1134 1945 aquae
1160 1893 1245 1932 fota
1269 1893 1481 1945 vaporibus

201 1983 254 1990 --
282 1969 437 1998 carnem
469 1956 625 1995 lacteoli
653 1958 815 1996 visceris
842 1958 1005 2008 indicat3
1033 1958 1081 1996 de
1110 1958 1221 2008 agnis
1249 1958 1484 1997 lactantibus

201 2022 323 2063 Prud.
351 2022 488 2072 perist.
523 2022 595 2070 11,
640 2022 717 2059 245
746 2022 801 2059 sic
827 2033 915 2060 cum
955 2022 1132 2060 lacteolis
1160 2022 1291 2060 caulas
1318 2023 1486 2074 comple-

201 2086 302 2127 veris
330 2085 441 2137 agnis
470 2085 518 2123 cf.
545 2086 584 2136 3,
616 2085 688 2124 165
718 2086 879 2137 spiritus
916 2086 978 2125 hic
1019 2089 1101 2125 erat
1141 2086 1322 2126 Eulaliae
1349 2111 1402 2117 —-
1430 2087 1485 2126 la-

205 2151 356 2191 cteolus
387 2150 490 2188 celer
518 2150 719 2197 innocuus,
750 2151 879 2201 quode
900 2151 946 2189 cf.
979 2151 1113 2190 Barth.
1142 2151 1302 2190 Advers.
1331 2150 1401 2201 VI,
1432 2153 1482 2190 28

206 2214 256 2254 ab
311 2214 513 2253 Dresselio
556 2213 606 2252 ad
648 2213 763 2253 Prud.
805 2214 886 2254 1.1.
929 2216 1093 2255 citatus:
1140 2216 1244 2268 quod
1286 2215 1336 2254 ab
1379 2217 1484 2254 omni

202 2279 293 2318 labe
321 2278 493 2317 alienum
520 2281 635 2329 atque
663 2281 857 2317 remotum
885 2283 957 2330 est,
984 2284 1065 2319 tam
1092 2279 1142 2318 ad
1170 2280 1341 2318 animum
1368 2291 1485 2330 quam

204 2342 254 2382 ad
284 2341 453 2394 corporis
489 2342 791 2393 pulcritudinem
824 2347 1054 2393 venustum,
1079 2342 1168 2382 lac
1182 2347 1230 2382 te
1244 2356 1270 2382 u
1283 2355 1324 2382 m
1349 2343 1485 2382 Latini

202 2408 356 2445 vocant.

333 2469 566 2510 lassulus
608 2471 672 2521 63,
701 2472 751 2509 35
787 2471 918 2522 itaque
945 2475 989 2511 ut
1015 2470 1173 2510 domum
1189 2471 1369 2524 cybebes
1395 2473 1485 2512 teti-

205 2544 302 2586 gero
326 2532 503 2573 lassulae
529 2556 583 2565 -
608 2546 786 2575 somnum
812 2536 994 2588 capiunt’.
