1655 2659
662 58 715 65 ,.-
772 34 920 73 54--

143 152 247 204 quod
292 152 438 191 frustra
484 152 657 191 defendit
702 152 1002 204 Hertzbergius.
1063 152 1167 192 Vide
1203 152 1344 205 ipsum.
1383 179 1436 185 --

146 221 322 262 Νειλώτης,
347 222 504 253 Νιιλῶτις
527 216 681 255 Graeci.

273 278 505 330 Nycteis,
541 281 573 331 I,
611 283 647 331 4,
680 281 702 320 ὃ
731 285 774 319 tu
802 282 895 320 licet
922 280 1118 333 Antiopae
1156 281 1321 320 formam
1358 282 1435 334 Ny-

143 342 290 381 cteidos
319 346 358 381 et
387 346 430 381 tu
461 368 514 373 —
544 344 759 396 Spartanae
788 346 934 384 referas
961 340 1145 384 laudibus
1173 345 1436 385 Hermionae’.

274 406 527 447 Oronteus
556 410 588 455 I,
619 410 694 460 2,3
724 413 792 447 aut
811 409 906 461 quid
925 409 1099 448 Orontea
1124 409 1252 448 crines
1280 410 1438 461 perfun-

144 472 237 510 dere
267 485 400 511 murra
430 486 462 511 e.
493 487 529 524 q.
550 475 593 515 s’.

271 537 596 577 Perimedeus
625 540 685 588 II,
717 541 753 589 4,
786 541 832 578 18
862 553 941 578 non
973 541 1036 579 hic
1062 540 1184 579 herba
1211 542 1331 593 valet,
1360 555 1437 580 non

143 602 207 640 hic
234 606 425 642 nocturna
454 604 612 656 Cytaeis
651 630 701 635 -
737 618 816 643 non
844 606 1096 644 Perimedeae
1123 606 1300 657 gramina
1328 610 1438 645 cocta

142 668 307 707 manus’.
366 668 423 707 Of.
455 669 615 707 Theocr.
646 669 686 719 2,
729 671 775 708 15
814 683 869 720 sq.
900 676 1061 719 φάρμακα
1085 676 1183 713 ταῦτ’,
1217 675 1349 720 ἔρδοισα
1379 685 1437 714 χε-

144 732 256 774 ρείονα
279 732 365 774 μήτε
390 743 420 764 τι
438 735 564 777 Κίρκης
579 752 618 756 -
633 734 718 777 μήτε
743 744 772 765 τι
796 734 948 776 Μηδείας
970 734 1057 776 μήτε
1073 733 1204 776 §oin-9²75
1227 735 1436 778 Περιμήδης.

143 785 215 823 Est
243 786 378 824 eadem
406 799 505 836 quae
533 787 707 825 Homero
737 787 846 825 audit
870 790 1046 834 Ἀγαμήδη
1074 788 1121 825 ΙΙ.
1144 788 1204 837 11,
1239 790 1326 827 740.
1344 788 1433 827 Vid.

143 850 264 900 intpp.
295 850 344 888 ad
373 850 575 889 Theocriti
604 855 643 889 et
670 851 870 902 Propertii
897 851 1019 888 locos.

271 914 338 952 Ph
350 927 535 953 aeacus
563 916 638 966 IV,
676 917 707 966 1,
737 917 784 954 51
817 927 890 953 nec
918 926 1005 952 mea
1032 914 1235 954 Phaeacas
1263 920 1432 967 aequent

142 978 318 1028 pomaria
347 979 493 1016 silvas’.
523 1003 575 1007 —
611 979 859 1017 Phaecius
889 979 1024 1017 dixere
1054 979 1235 1016 Tibullus
1256 979 1307 1028 (Ι,
1327 979 1363 1028 3,
1386 981 1430 1030 3)

143 1046 182 1080 et
221 1042 401 1082 Ovidius,
441 1068 493 1073 —
530 1048 679 1081 Φαιακία
716 1043 862 1094 legitur
891 1056 953 1095 ap.
985 1042 1117 1095 Steph.
1146 1043 1194 1082 B.
1224 1043 1330 1084 Suid.
1361 1058 1433 1096 pro

143 1120 189 1145 eo
218 1108 323 1158 quod
351 1109 474 1159 magis
503 1109 693 1146 usitatum
721 1112 804 1146 erat
837 1113 992 1146 Φαιακίς.

271 1184 575 1223 Philetaeus
611 1184 691 1234 IV,
733 1185 776 1235 2,
816 1185 866 1223 52
895 1197 962 1223 ora
989 1183 1197 1223 Philetaea
1224 1188 1360 1224 nostra
1387 1186 1435 1223 ri-

141 1248 250 1298 gavit
278 1249 400 1298 aqua’.
430 1249 475 1287 cf.
504 1249 554 1299 V,
584 1251 618 1298 6,
650 1251 673 1287 3
703 1253 806 1288 serta
833 1249 1051 1288 Philetaeis
1081 1252 1229 1288 certent
1255 1249 1435 1287 Roma-na

124 1312 362 1363 'corymbis'.

271 1377 477 1415 roridus
514 1377 570 1427 V,
609 1378 654 1428 4,
693 1379 743 1416 48
781 1381 823 1416 tu
861 1390 954 1416 cave
992 1377 1140 1429 spinosi
1168 1377 1299 1416 rorida
1326 1380 1435 1428 terga

142 1441 247 1491 iugi'.
303 1441 453 1480 Eadem
489 1454 585 1479 voce
620 1454 715 1479 usus
745 1445 804 1480 est
830 1441 952 1492 Apul.
979 1444 1072 1480 met.
1102 1443 1138 1491 4,
1170 1443 1217 1479 17
1249 1454 1298 1479 an
1326 1441 1435 1491 igno-

141 1518 204 1544 ras
232 1505 305 1543 hoc
334 1518 458 1556 genus
486 1506 638 1545 bestiae
666 1506 774 1545 lucos
805 1506 972 1545 consitos
1001 1508 1040 1544 et
1068 1518 1210 1558 specus
1229 1505 1378 1545 roridos
1397 1509 1436 1544 et

141 1571 265 1610 fontes
295 1584 481 1609 amoenos
514 1584 666 1622 semper
693 1572 905 1610 incubare?

272 1635 399 1673 Thio
411 1635 706 1674 damanteus
735 1636 769 1687 I,
789 1635 853 1686 20,
870 1637 892 1674 6
909 1635 1216 1674 Thiodamanteo
1234 1634 1436 1687 proximus

142 1700 256 1739 ardor
283 1700 441 1752 Hylae’.

270 1764 444 1815 thyius
480 1764 555 1814 IV,
595 1764 644 1814 6,
674 1765 724 1803 49
755 1765 823 1803 sed
852 1764 963 1816 thyio
990 1764 1163 1802 thalamo
1206 1766 1275 1801 aut
1302 1763 1436 1802 Oricia

141 1828 364 1867 terebintho
407 1854 459 1859 —
505 1833 544 1868 et
590 1829 733 1868 fultum
769 1830 905 1881 pluma
938 1829 1170 1867 versicolore
1208 1829 1346 1880 caput’.
1374 1828 1437 1867 Ita

142 1892 396 1931 emendarunt
436 1893 528 1931 Itali
568 1893 750 1932 vitiosam
791 1893 977 1931 librorum
1015 1892 1251 1943 scripturam
1295 1892 1435 1932 chio.

141 1956 393 1996 Adiectivum
422 1958 594 2009 thyius
626 1957 765 1997 eadem
784 1957 1034 2010 proportione
1059 1956 1267 1995 formatum
1298 1969 1386 1996 esse
1412 1971 1436 1997 a

140 2021 296 2059 nomine
324 2029 390 2060 θύα
417 2023 482 2060 vel
510 2027 604 2066 θύον,
639 2035 717 2074 qua
744 2022 785 2060 id
814 2021 920 2074 quod
949 2024 1009 2061 est
1047 2021 1231 2060 citrius
1274 2022 1436 2074 (promi-

141 2099 234 2125 scue
263 2086 411 2124 dictum
430 2087 529 2125 illud
548 2100 618 2139 pro
649 2087 860 2138 citreus)
889 2100 912 2124 a
936 2087 1034 2125 citro
1053 2086 1131 2125 iam
1149 2085 1435 2137 Hertzbergius

141 2150 315 2199 monuit,
362 2150 429 2200 qui
474 2150 578 2188 idem
627 2151 869 2202 comparavit
906 2150 1104 2201 Theophr.
1132 2149 1221 2187 hist.
1251 2149 1302 2200 pl.
1331 2149 1381 2198 V,
1411 2149 1435 2188 3

140 2219 201 2266 ὕλη
225 2221 437 2267 Μακεδονικὴ
461 2222 583 2263 ἔχουσα
606 2224 716 2262 atton,
744 2219 790 2255 ut
808 2214 1009 2255 verissime
1038 2214 1192 2267 scripsit
1214 2213 1436 2266 Scaligerus

142 2294 210 2330 pro
258 2293 305 2317 eo
352 2281 455 2330 quod
502 2281 707 2331 legebatur
750 2282 866 2330 vulgo
908 2287 1061 2318 τύϊον.
1112 2279 1185 2317 Est
1215 2290 1307 2316 vero
1336 2278 1436 2315 illud

142 2351 239 2383 θύϊον
266 2345 330 2385 vel
358 2353 426 2386 θύα
449 2345 602 2385 arboris
631 2357 775 2385 nomen
802 2344 904 2384 bene
934 2344 1094 2396 olentis,
1122 2355 1239 2396 quam
1265 2342 1436 2382 Romani

141 2411 395 2462 appellabant
423 2412 575 2449 citrum.
611 2410 667 2448 Of.
684 2423 778 2460 quos
805 2410 1086 2460 Hertzbergius
1107 2409 1243 2447 citavit
1260 2407 1436 2458 Hesych.

143 2487 175 2513 s.
204 2487 237 2513 v.
266 2474 385 2513 Hom.
418 2474 490 2513 Od.
521 2476 557 2524 5,
588 2475 639 2513 60
667 2474 800 2526 ibique
829 2473 987 2526 Didym.
1005 2475 1045 2512 et
1062 2472 1299 2523 Eustathp.
1319 2471 1435 2509 1523.

140 2540 275 2579 Athen
327 2540 365 2579 V
402 2553 440 2592 p.
480 2541 567 2579 207.
598 2539 794 2591 Theophr.
823 2540 862 2577 h.
891 2539 945 2591 pl.
972 2538 1023 2589 V,
1051 2539 1086 2578 5.
1115 2536 1236 2576 Macr.
1278 2535 1435 2579 Satura.
