1655 2659
696 66 749 73 ..-
805 42 863 81 1'1.
892 37 955 73 ’.-

183 161 428 214 parthenium
456 161 519 199 vel
545 160 776 211 parthenion
803 159 1027 210 (παρθένιον)
1056 156 1159 208 quod
1188 159 1319 194 tamen
1346 156 1471 206 ipsum

183 239 271 264 cum
312 229 393 264 tres
422 224 608 276 significet
647 223 787 262 herbas
815 223 884 275 (cf.
913 223 1015 262 Plin.
1049 222 1079 260 h.
1110 235 1148 260 n.
1178 222 1242 270 21,
1273 220 1325 257 30
1352 218 1472 269 (04)

187 290 274 329 176.
304 291 368 339 25,
398 289 421 328 5
450 289 541 342 (18)
569 289 632 338 38,
660 288 778 339 Apul.
807 288 916 326 herb.
950 287 1016 339 11)
1042 298 1120 324 non
1147 285 1314 323 multum
1333 296 1383 321 ex
1404 283 1472 323 illa

184 355 402 393 coniectura
443 355 492 392 ad
530 353 675 392 Catulli
716 353 846 390 locum
886 350 1160 403 explicandum
1217 348 1471 387 emolumenti

183 417 390 456 redundat.
444 418 470 457 J
479 416 599 468 ungf
607 416 848 455 ernkraut
876 416 1158 466 interpretatur
1181 413 1470 452 Billerbeckius

183 482 223 520 in
250 482 349 520 libro
378 482 445 533 qui
473 480 694 519 inscribitur
721 479 837 517 Flora
866 479 1029 517 classica
1057 491 1095 529 p.
1125 479 1215 516 245.

310 551 384 589 His
413 550 503 589 addi
529 552 660 600 potest
679 548 955 587 deminutivum

313 620 621 658 calathiscus
664 619 727 667 64,
772 618 849 656 319
879 617 1023 656 vellera
1048 618 1189 667 virgati
1225 617 1471 656 custodibant

184 682 410 721 calathisci’.
443 681 553 720 Idem
581 694 720 719 nomen
749 683 861 718 extat
879 681 981 731 apud
1000 680 1229 718 Petronium
1249 681 1312 728 41,
1333 681 1356 716 [ἱ
1376 693 1471 731 puer

184 746 376 797 speciosus
420 769 470 774 ———
514 744 729 782 calathisco
771 756 868 782 uvas
911 743 1157 793 circumtulit,
1197 743 1266 781 ubi
1305 742 1471 781 videnda

183 809 396 848 Burmanni
426 812 520 846 nota
550 808 757 858 relegantis
786 807 834 845 ad
863 807 1087 858 Spanhemii
1120 807 1160 844 in
1189 806 1469 844 Callimachum

184 873 236 924 (h.
275 872 360 911 Cer.
404 872 442 924 1)
471 871 797 910 commentarium.
859 871 1079 923 Hesychius
1117 883 1145 909 s.
1184 882 1221 908 v.
1260 876 1471 907 καλαθίσκος·

184 946 253 978 aldo
255 956 271 978 ς
294 947 377 991 ‘3th
359 948 415 978 mr
419 956 464 978 ως
491 936 579 986 (ubi
600 955 641 974 κα
644 946 723 975 ,za-91
712 956 793 985 ιοσμ
795 953 812 975 ς
831 937 995 973 coniecit
1013 935 1060 973 G.
1079 935 1301 972 Dindorfius
1321 935 1362 971 in
1372 934 1471 971 The-

183 1000 316 1051 sauro]
349 1004 404 1037 καὶ
428 1006 542 1037 σκεῦος
563 1017 598 1047 γι
600 1008 720 1038 ναικεῖ
717 1018 756 1038 ον
785 1004 875 1050 παρὰ
899 1005 1018 1037 Μενάν
999 1005 1123 1092 milani
1146 999 1247 1038 Poll.
1281 998 1342 1046 10,
1374 999 1474 1038 125:

185 1074 226 1094 συ
228 1064 352 1094 ναπτέο
335 1076 373 1094 ον
396 1062 432 1094 δὲ
460 1064 495 1094 δι
523 1062 577 1095 ὄίλ
562 1075 688 1103 ικγων
669 1063 724 1094 καὶ
747 1061 787 1094 τὰ
815 1064 922 1099 λοιπά,
944 1061 1014 1093 οἷον
1039 1062 1078 1093 τὰ
1126 1064 1165 1105 ἧς
1188 1074 1230 1102 γυ
1233 1074 1309 1093 νικα
1310 1065 1391 1093 ωίντ
1375 1064 1443 1093 τιδο
1445 1071 1472 1099 ς,

187 1116 306 1160 ταλάρο
289 1124 386 1147 ουςκ
367 1114 421 1147 καὶ
444 1115 583 1146 zamam
586 1123 651 1146 ςκ
632 1114 687 1147 καὶ
720 1116 833 1147 καλα
844 1117 897 1145 9ί
882 1126 984 1146 ισκο
998 1123 1043 1146 υς
1066 1114 1118 1146 καὶ
1107 1073 1260 1158 τταλάρι
1249 1125 1283 1145 ια
1306 1125 1359 1145 και
1354 1114 1472 1145 καλά-

186 1178 246 1206 θια
268 1186 296 1206 κ.
317 1184 343 1206 τ.
360 1175 388 1206 λ.
434 1168 538 1207 Usus
566 1172 625 1207 est
652 1169 726 1207 hoc
752 1168 937 1208 vocabulo
966 1169 1245 1219 Aristophanes
1272 1168 1365 1219 Lys.
1395 1168 1472 1207 535

185 1232 275 1270 579.
331 1232 487 1270 Thesm.
541 1232 619 1271 822
649 1232 725 1282 (ed.
753 1232 915 1282 Bergk).
961 1254 1009 1259 -
1053 1232 1125 1270 Est
1151 1232 1271 1283 igitur
1298 1232 1473 1282 virgatus

186 1296 421 1336 calathiscus
450 1296 610 1336 corbula
637 1310 665 1336 e·
687 1297 808 1348 virgis
837 1300 1030 1335 contexta..

316 1381 703 1420 Oommemorandum
746 1385 805 1420 est
847 1382 964 1419 etiam
1006 1382 1077 1420 hoc
1118 1382 1203 1419 loco
1237 1381 1472 1419 adiectivum

186 1446 519 1498 catagraphus
547 1446 610 1497 27,
641 1448 664 1485 6
694 1446 848 1485 remitte
885 1446 1049 1497 pallium
1077 1446 1172 1484 mihi
1213 1458 1342 1484 meum
1370 1445 1471 1496 quod

187 1511 394 1549 involasti
391 1535 438 1539 —
461 1510 743 1562 Sudariumque
764 1510 975 1549 Saetabum
1006 1510 1341 1561 catagraphosque
1370 1510 1473 1561 Thy-

185 1588 267 1625 nos,
310 1588 387 1627 quo
430 1575 565 1614 eodem
601 1588 695 1613 usus
724 1578 783 1613 est
820 1575 924 1613 Plin
954 1575 991 1613 h.
1021 1588 1055 1612 n
1100 1575 1162 1624 35,
1194 1575 1230 1623 8,
1271 1573 1360 1625 (34)
1405 1575 1472 1612 56:

186 1639 250 1677 hic
292 1639 366 1690 (sc.
396 1639 532 1678 Cimon
563 1639 798 1689 Cleonaeus)
842 1639 1077 1689 catagrapha
1120 1638 1282 1687 invenit,
1309 1638 1383 1676 hoc
1411 1642 1474 1676 est

187 1702 361 1754 obliquas
391 1702 608 1754 imagines’.
647 1702 699 1740 Et
725 1703 847 1740 Plinii
889 1702 1045 1753 quidem
1071 1703 1179 1740 locus
1214 1702 1330 1740 facile
1359 1702 1474 1740 intel-

193 1767 353 1817 ?egitur;
384 1771 442 1805 est
478 1767 583 1805 enim
613 1767 870 1818 catagraphus
888 1768 951 1805 hic
980 1768 1083 1805 idem
1110 1767 1226 1818 plane
1246 1766 1349 1818 quod
1369 1766 1474 1806 Galli

188 1831 321 1868 dicunt
346 1831 454 1881 peint
481 1830 529 1868 de
556 1830 687 1882 profil3
716 1830 861 1869 Catulli
888 1834 1018 1870 autem
1046 1830 1168 1869 verba
1196 1831 1387 1869 maximas
1416 1831 1473 1869 in-

187 1899 400 1947 terpretum
428 1895 561 1935 turbas
591 1896 827 1935 excitabant.
882 1896 943 1935 Ac
971 1897 1118 1948 primus
1149 1896 1315 1947 quidem,
1346 1897 1472 1947 quoad

189 1960 282 2009 scio,
325 1961 489 1998 mutavit
516 1961 693 1998 Muretus
734 1961 925 1998 coniciens
968 1960 1381 2010 catagraphonque
1408 1960 1473 1997 li-

187 2030 333 2073 n'tu'n,>
351 2023 452 2075 quod
489 2023 572 2074 ipse
608 2023 889 2075 interpretatur
915 2024 1078 2062 linteum
1106 2024 1223 2062 variis
1250 2024 1382 2075 figuris
1410 2037 1475 2063 no-

175 2082 307 2132 -ffltum
350 2090 389 2124 et
425 2087 635 2137 depictum.
691 2087 810 2138 Atqui
837 2088 993 2127 minime
1022 2087 1208 2126 credibile
1234 2091 1306 2136 est,
1334 2100 1475 2125 nomen

188 2149 465 2202 appella-tivum
507 2151 747 2190 tritissimum
789 2156 1005 2203 corruptum
1046 2164 1131 2190 esse
1173 2166 1197 2190 a
1236 2152 1405 2190 librariis
1432 2152 1473 2190 in

188 2226 328 2253 nomen
364 2215 561 2266 proprium
595 2215 700 2254 haud
736 2216 791 2254 ita
827 2215 1017 2267 frequens,
1044 2210 1119 2267 quo
1147 2216 1255 2254 illato
1284 2215 1380 2254 satis
1408 2215 1474 2254 ob-

189 2291 298 2318 scura
337 2278 446 2317 fieret
482 2279 681 2318 sententia.
725 2279 984 2324 Quamobrem
1025 2279 1278 2331 improbanda
1307 2283 1364 2318 est
1391 2280 1474 2318 sine

188 2342 303 2381 dubio
331 2342 473 2382 Mureti
501 2343 647 2395 opinio.
696 2343 778 2383 Jos.
810 2343 1030 2395 Scaligerus
1071 2345 1111 2383 in
1147 2344 1247 2384 libro
1276 2357 1344 2384 suo
1371 2345 1476 2383 inve-

189 2410 299 2444 nerat
341 2408 777 2459 cyrograthosque
828 2408 998 2459 Thynos,
1024 2407 1125 2445 unde
1160 2409 1377 2459 suspicatus
1419 2412 1476 2446 est

188 2469 393 2520 legendum
434 2482 520 2508 esse
562 2471 1032 2524 chirographosque
1075 2472 1160 2522 Th„
1201 2472 1315 2525 idque
1356 2472 1475 2511 etiam

190 2531 381 2574 Salmasio
415 2535 581 2586 primum
621 2536 778 2586 placuit,
819 2536 886 2587 qui
925 2536 1199 2588 interpretatus
1240 2540 1300 2575 est
1340 2537 1476 2575 anulos
1521 2561 1523 2563 ·
