1655 2659
555 462 637 526 E„
682 461 1067 526 angasslffls„

649 610 690 639 1.
716 608 956 640 Graeca.

287 714 437 754 Graeca
463 716 621 753 nomina
649 715 722 753 duo
751 715 868 753 habet
898 716 1109 766 singularia
1138 715 1330 765 Tibullus,
1358 729 1443 766 pro-

156 781 282 833 prium
308 784 523 832 utrumque,
554 792 652 832 quae
680 780 875 819 levissime
902 780 1170 832 perstringam.

281 845 566 896 Herophile
596 851 688 897 (Ἦρο
671 864 730 893 οφι
727 852 789 895 ’λη)
809 845 860 895 ΙΙ,
880 846 916 895 5,
937 847 987 883 68
1017 844 1206 896 quidquid
1224 844 1441 894 Amalthea,

155 909 338 961 quidquid
365 909 560 961 Marpesia
601 909 699 948 dixit
727 935 779 940 —
808 909 1043 961 Herophile,
1086 909 1217 961 Pytho
1247 908 1443 960 Graiaque

156 974 259 1024 quod
286 974 454 1012 monuit’.
509 974 570 1012 De
598 974 812 1025 Herophile
841 974 888 1011 cf.
916 975 1038 1024 intpp.
1068 977 1106 1010 et
1134 985 1251 1024 quem
1278 974 1336 1010 illi
1362 974 1442 1010 lau-

156 1037 251 1076 dant
278 1038 396 1077 Paus.
430 1038 491 1089 10,
523 1039 571 1077 12
599 1038 726 1091 (827).

283 1103 335 1142 ib.
364 1103 525 1155 Phyto
554 1116 576 1142 e
604 1104 821 1143 coniectura
861 1103 1037 1154 Hauptii.
1081 1103 1271 1141 Phoeto
1318 1102 1443 1140 Lach-

154 1179 327 1206 mannus.
377 1168 581 1206 Phoebo
610 1168 714 1206 libri.
754 1169 976 1208 Ceterorum
1005 1168 1257 1218 interpretum
1286 1170 1442 1205 conatus

155 1232 242 1271 vide
269 1246 330 1284 ap.
359 1232 514 1271 Dissen.

635 1350 704 1381 11.
724 1350 726 1352 '
738 1350 958 1381 Latina.

282 1423 336 1461 Et
376 1424 617 1462 substantiva
657 1424 814 1475 quidem
842 1424 1059 1474 singularia
1088 1435 1165 1460 non
1192 1424 1441 1473 reperiuntur

156 1488 259 1539 apud
287 1487 502 1538 Tibullum3
530 1487 724 1526 adiectiva
752 1488 854 1527 solus
883 1487 1001 1526 habet
1029 1486 1223 1536 nonnulla,
1244 1499 1343 1538 quae
1363 1487 1442 1525 iam

154 1552 398 1591 enumerabo.
430 1551 528 1590 Sunt
556 1556 687 1591 autem
714 1552 1001 1591 denominativa
1029 1553 1144 1590 haec:

279 1616 560 1668 Marpesius
588 1617 643 1667 II,
674 1618 709 1667 5,
737 1618 785 1655 67
817 1616 1001 1668 quidquid
1029 1616 1227 1668 Marpesia
1254 1615 1353 1655 dixit
1391 1641 1442 1647 -—

152 1680 395 1732 Herophile'.
451 1682 513 1720 Ita
555 1682 699 1720 habent
740 1682 832 1720 libri
872 1681 1028 1732 plurimi
1069 1681 1186 1719 etiam
1216 1681 1326 1719 Lact.
1356 1682 1440 1720 inst.

156 1745 189 1793 1,
219 1744 241 1781 6
270 1745 353 1783 vico
380 1744 590 1797 Marpesso,
619 1745 722 1784 circa
749 1745 937 1797 oppidum
965 1744 1220 1796 Gergithium,
1249 1758 1371 1797 eaque
1401 1745 1442 1783 in

153 1807 344 1848 editiones
385 1809 466 1848 fere
506 1813 661 1861 recepta
703 1813 762 1848 est
803 1810 917 1848 lectio
947 1809 995 1848 cf.
1025 1810 1142 1848 etiam
1169 1809 1335 1848 Pausan.
1363 1810 1387 1848 1.
1416 1811 1442 1848 l.

101 1890 104 1893 ·
156 1873 277 1912 ἀπέχει
307 1872 343 1905 δὲ
361 1872 621 1919 Ἀλεξανδρείας
645 1876 704 1918 τῆς
737 1873 775 1905 ἒν
808 1876 849 1918 τῆ
877 1875 1003 1919 Τρῳάδι
1036 1876 1281 1919 τεσσαράκοντα
1305 1873 1325 1919 ἦ
1348 1876 1444 1919 Μάρ-

156 1945 294 1978 πησσος,
322 1929 391 1967 ubi
418 1929 509 1967 libri
537 1933 754 1968 constanter
773 1929 961 1981 praebent
990 1936 1025 1969 τὸ
1048 1938 1269 1982 Μάρπησσον.
1298 1929 1444 1969 Salma-

153 1994 233 2032 sius
279 1993 454 2033 exercitt.
493 1993 597 2032 Plin.
632 2007 672 2046 p.
701 1995 749 2032 78
792 1994 833 2032 in
875 1994 1029 2033 Tibullo
1075 1995 1245 2034 scribere
1286 1994 1444 2034 volebat
1484 2013 1501 2024 κ

71 2066 77 2071 “
154 2058 450 2098 Mermessio
492 2059 721 2097 assentiente
763 2059 1031 2098 Brouckhusio
1074 2060 1198 2112 quode
1233 2060 1311 2099 vid.
1339 2060 1441 2099 Diss,

153 2123 203 2162 ad
230 2124 266 2162 h.
297 2123 323 2161 1.

283 2188 550 2228 Tarbellus
591 2189 630 2239 I,
661 2190 695 2239 7,
725 2191 748 2227 9
778 2189 962 2227 Tarbella
992 2189 1147 2240 Pyrene
1176 2212 1225 2217 —
1255 2190 1370 2228 testis
1399 2194 1438 2229 et

153 2253 446 2296 Oceanilitora
475 2253 719 2293 Sanctonici'.
763 2253 915 2293 Eadem
942 2254 1063 2293 forma
1093 2267 1183 2294 usus
1212 2258 1271 2294 est
1289 2254 1442 2294 Auson.

101 2323 104 2325 ’
155 2323 304 2370 parent.
340 2320 378 2369 2,
417 2320 441 2358 2
470 2320 655 2369 sanguine
683 2320 806 2357 mixto
834 2343 887 2348 —
916 2320 1121 2357 Tarbellae
1149 2320 1295 2369 matris,
1322 2321 1444 2371 patris

156 2384 197 2419 et
226 2381 395 2421 Aeduici
422 2382 473 2421 ib.
503 2383 539 2433 4,
571 2384 619 2421 12
639 2382 892 2434 Tarbellique
920 2382 1028 2421 furor
1055 2382 1264 2434 perstrepit
1279 2381 1445 2434 Oceani3

155 2446 317 2497 praefat.
347 2447 384 2497 2,
413 2448 436 2485 6
466 2446 658 2486 Tarbellis
686 2447 755 2486 sed
783 2447 955 2498 genitrix
984 2447 1034 2485 ab
1062 2446 1185 2498 aquis.
1205 2447 1284 2486 vid.
1302 2447 1442 2498 Scalig.

88 2512 93 2518 '
155 2508 261 2548 lectt.
288 2510 437 2551 Auson.
469 2512 503 2561 1,
533 2512 555 2549 6
585 2525 623 2563 p.
653 2513 700 2550 21
732 2524 788 2563 sq.
817 2534 869 2544 *-
898 2510 1178 2551 Tarbellicus
1207 2511 1339 2550 dixere
1366 2511 1446 2551 Lu·
