1655 2659
707 106 763 115 7-
817 81 966 120 33-

329 200 512 240 Oeterum
556 199 672 237 multi
715 199 821 237 fuere
867 201 1016 238 veteres
1050 198 1099 251 ini
1127 197 1305 237 creandis
1339 197 1388 236 ab
1416 198 1489 236 hac

198 264 318 314 stirpe
350 263 568 313 adiectivis3
603 275 693 300 nam
721 265 876 314 praeter
903 262 1001 300 illud
1037 263 1116 301 iam
1154 262 1394 300 nominatum
1431 274 1488 300 se-

201 330 321 378 ptem,
348 340 426 365 non
443 328 586 377 minus,
614 326 840 366 formavere.
884 326 983 365 Sunt
1002 331 1132 365 autem
1152 327 1259 365 haec:
1287 326 1398 376 Libs,
1425 327 1487 364 bis

197 397 303 437 (Λίψ,
325 397 397 438 βάς)
448 404 509 442 ap.
554 390 687 429 Sidon.
720 391 800 442 (ap.
842 391 945 430 Plin.
980 391 1018 428 h.
1048 404 1084 429 n.
1113 393 1151 441 2,
1179 392 1229 428 47
1276 390 1368 441 (46)
1412 390 1487 429 119

200 456 308 495 venti
353 454 550 494 cuiusdam
596 457 655 494 est
699 466 842 494 nomen
884 454 929 494 of.
971 458 1010 493 et
1049 454 1204 507 Ampel.
1235 455 1278 507 5)
1315 454 1488 507 Libycus
1566 507 1568 509 v

195 525 374 570 (Λιβυκός)
399 520 516 570 Verg.
533 549 543 568 ,
570 519 680 569 Hor„
709 518 836 568 Ovid.‚
866 520 989 570 Calp.,
1019 518 1102 569 Sil„
1131 520 1236 558 Plin.
1267 520 1392 568 Laet„
1421 519 1487 557 Li-

196 586 279 638 bys,
305 597 374 637 yos
399 589 536 631 (Λίβυς)
572 581 641 621 Sil.
670 606 723 611 —-
751 582 870 622 subst.
900 581 1016 632 Sall„
1055 581 1155 622 Ovid
1192 583 1256 634 aL,
1285 583 1486 635 Libysous

197 650 351 690 colum.
367 680 377 699 ,
415 649 603 700 Libyssus
646 648 785 688 catull.
817 649 852 697 7,
881 648 904 685 3
949 660 1064 698 quam
1105 661 1271 699 magnus
1300 661 1484 687 numerus

196 714 389 765 Libyssae
431 724 584 762 arenae,
627 711 695 751 Sil.
725 713 761 761 8,
790 711 868 751 206
898 711 1032 761 (subst.
1061 711 1230 763 Libyssa
1257 725 1399 751 nomen
1427 716 1488 751 est

195 776 404 828 Bithyniae
450 775 591 827 oppido
638 775 741 814 Plin.
782 776 819 813 h.
860 788 899 812 n.
934 775 976 824 5,
1023 776 1073 813 32
1120 775 1211 827 (43)
1252 777 1338 815 148.
1375 776 1486 823 Eutr,

198 841 235 891 4,
264 842 287 879 5
315 840 444 879 Amm.
474 841 538 890 22,
577 839 614 889 9,
644 839 713 890 3.),
740 838 916 890 Libystis
950 844 1142 886 (Λιβυστίς)
1169 840 1308 892 Verg.,
1335 840 1486 892 Libyus

197 903 310 943 Varr.
341 904 431 942 Tac.

325 978 512 1017 Malius
543 978 605 1026 68,
635 977 686 1015 54
713 977 953 1028 lymphaque
981 978 1022 1016 in
1051 977 1207 1017 Oetaeis
1225 979 1347 1018 Malia
1368 979 1488 1019 Ther-

196 1042 383 1093 mopylis'.
417 1041 540 1079 Mulia
566 1041 604 1079 V
631 1039 748 1078 Aliae
790 1040 1073 1079 adiectivorum
1100 1042 1248 1080 formae
1275 1043 1349 1081 hae
1377 1046 1488 1081 sunt:

196 1105 442 1144 Maliacus
480 1105 587 1144 sinus
622 1104 712 1143 Liv.
749 1104 840 1143 Mel.
877 1104 1147 1145 Mali‘ensis
1182 1119 1277 1158 ager
1305 1107 1395 1146 Liv.
1425 1108 1489 1158 42,

197 1172 269 1221 40,
315 1172 351 1208 6.
383 1195 434 1200 --
472 1169 611 1208 Graeci
638 1169 836 1208 habebant
869 1172 985 1209 haec:
1020 1176 1169 1218 Μηλιεὺς
1196 1172 1295 1222 (dor.
1316 1178 1488 1217 Μαλιεὺς),

197 1242 368 1287 Μηλιακός
390 1236 491 1286 (dor.
521 1243 709 1284 Μαλιακός)
731 1242 842 1286 Μηλὶς
875 1234 973 1286 (dor.
1004 1240 1137 1282 Μαλίς).

323 1312 387 1349 Po
398 1312 447 1363 ly
459 1325 485 1349 x
496 1324 517 1349 e
526 1312 609 1349 niu
620 1325 638 1349 s
691 1313 762 1361 64,
807 1313 885 1349 368
924 1312 1003 1349 alta
1039 1312 1255 1363 Polyxenia
1281 1311 1489 1349 madefient

196 1375 315 1414 caede
344 1375 547 1426 sepulcra’.

324 1450 438 1489 Adde
467 1451 568 1501 quod
597 1451 757 1489 eandem
786 1451 906 1488 habet
934 1451 1115 1489 formam:

326 1524 724 1578 Stymphalius
782 1527 858 1576 68,
910 1527 983 1564 113
1028 1529 1200 1578 tempore
1246 1538 1321 1577 quo
1379 1529 1485 1582 oerta

194 1590 435 1641 Stymphalia
463 1594 637 1629 monstra
665 1592 806 1641 sagitta
836 1614 884 1621 --
913 1590 1078 1641 perculit
1099 1590 1262 1641 imperio
1281 1590 1484 1628 deterioris

194 1653 275 1691 eri'.
343 1653 546 1705 Stymph
558 1654 715 1692 alicus
771 1654 870 1692 dixit
922 1654 1052 1692 Plaut.
1098 1654 1205 1692 Pers,
1258 1655 1274 1691 1
1294 1683 1304 1703 ,
1354 1655 1399 1703 1,
1446 1655 1484 1704 4,

195 1717 500 1769 Stymphalis
547 1717 659 1757 Ovid.
696 1718 844 1770 Hygin.
892 1742 944 1747 —
999 1717 1082 1755 ides
1115 1717 1284 1756 Martial.
1343 1717 1483 1756 Graeci

192 1781 336 1820 habent
364 1794 411 1820 ea
439 1794 537 1833 quae
564 1785 653 1820 sunt
681 1787 893 1830 Στυμφάλιος
921 1784 960 1820 et
987 1790 1194 1832 Στυμφαλίς.

131 1904 134 1906 v
320 1856 672 1895 Protesilaeus
702 1857 765 1906 68,
786 1857 835 1894 74
857 1856 1032 1907 coniugis
1048 1859 1091 1893 ut
1106 1855 1298 1906 quondam
1313 1856 1482 1906 flagrans

192 1920 349 1959 advenit
386 1932 518 1959 amore
553 1942 603 1947 —
632 1919 913 1959 Protesilaeam
939 1919 1157 1958 Laudamia
1187 1918 1365 1958 domum’.
1403 1919 1480 1971 Ap.

194 1982 322 2022 Sohol.
361 1983 475 2022 Pind.
511 1983 647 2022 Isthm.
693 1985 736 2034 1,
768 1985 815 2022 11
843 1984 987 2035 legitur
1014 1992 1274 2036 Πρωτεσιλάεια.
1303 1984 1358 2023 Of.
1379 1984 1479 2023 Lob.

190 2060 273 2099 par.
304 2047 369 2098 29,
398 2049 462 2086 25.

319 2122 506 2162 Eiusdem
532 2123 814 2163 terminationis
841 2123 915 2162 hoo
944 2127 1021 2162 est:

321 2186 640 2227 Simonidius
671 2190 735 2238 38,
764 2190 788 2226 8
816 2189 978 2239 paulum
1012 2189 1107 2238 quid
1133 2189 1243 2227 lubet
1270 2188 1480 2226 adlocutio-

188 2250 248 2288 nis
259 2274 311 2280 -—
326 2250 512 2289 maestius
539 2251 712 2290 lacrimis
727 2250 987 2290 Simonideis’.
1018 2250 1045 2289 S
1060 2252 1121 2289 im
1134 2265 1155 2290 ο
1166 2252 1250 2290 nid
1260 2252 1273 2290 i
1283 2265 1333 2290 us
1361 2252 1481 2290 habet

189 2313 297 2355 Serv.
316 2314 363 2353 de
391 2318 485 2354 cent.
497 2319 608 2355 metr.
622 2316 726 2357 1820
751 2320 789 2355 et
818 2315 918 2356 1822
938 2315 990 2367 (e.
1004 2316 1125 2367 III,5,
1145 2317 1250 2368 11.p.
1263 2316 1354 2356 369.
1367 2330 1399 2355 c.
1408 2316 1478 2367 IV,

191 2378 241 2415 10
268 2390 308 2428 p.
339 2379 429 2416 371.
459 2379 518 2426 ed,
547 2379 689 2431 Gaisf.)
718 2393 792 2431 quo
822 2379 1037 2431 posteriore
1065 2380 1149 2418 loco
1179 2381 1259 2419 cod.
1288 2381 1333 2420 B.
1355 2380 1479 2419 Simo-

186 2440 392 2481 nidieus.
417 2467 470 2472 —
497 2442 572 2482 Est
600 2456 783 2495 graecum
810 2451 1043 2495 Σιμωνίδειος.
1084 2445 1159 2484 ‚De
1187 2445 1336 2484 threnis
1356 2445 1478 2484 Simo-

185 2504 310 2544 nideis
339 2505 386 2545 cf.
414 2507 583 2559 interpp.
613 2508 663 2546 ad
681 2509 719 2547 h.
737 2509 777 2558 1.,
796 2509 1026 2561 Bernhardy
1055 2510 1142 2548 hist.
1169 2509 1245 2547 litt.
1265 2523 1321 2560 gr.
1343 2511 1377 2560 1,
1402 2510 1477 2548 705

185 2580 242 2634 qq.
272 2569 351 2629 (ed.
382 2570 437 2623 3).

1325 2638 1344 2659 q
