1655 2659
721 10 993 52 -39-

342 133 358 168 t

316 142 367 232 iio
378 206 526 246 crepo
569 193 633 244 63,
681 194 732 232 29
775 179 865 232 leve
905 197 1130 245 tympanum
1171 191 1354 242 remugit,
1401 203 1498 230 cava

210 257 385 309 cymbala
411 257 638 308 recrepant’.
694 257 844 295 Eodem
872 257 990 295 verbo
1019 270 1111 295 usus
1149 259 1209 294 est
1236 258 1368 293 auctor
1396 255 1497 295 Ciris

214 322 289 361 108
317 334 432 374 seepe
458 322 557 374 lapis
583 324 762 373 recrepat
790 321 968 373 Cyllenia
995 333 1194 359 murmura
1223 320 1367 371 pulsus.

657 470 717 500 4.
742 468 1043 500 Adverbia.

313 577 431 628 Apud
459 577 588 615 solum
615 576 812 615 Catullum
841 578 1087 627 reperiuntur

317 641 575 692 amplifice
605 641 667 690 64,
695 639 772 680 265
792 640 934 680 talibus
951 641 1140 693 amplifice
1160 642 1283 681 vestis
1309 642 1493 681 decorata

210 704 364 754 figuris’.
419 705 664 743 Adiectivum
694 705 795 754 quod
822 709 879 742 est
907 706 1121 755 amplificus
1150 710 1259 743 extat
1283 706 1415 744 Front.
1446 706 1495 744 de

210 768 308 820 eloq.
338 781 363 819 p
407 769 481 806 150
510 767 569 806 ed.
612 767 762 807 Naber:
799 769 882 818 tibi,
914 768 1069 817 Caesar,
1100 769 1266 808 sublime
1300 773 1338 807 et
1365 768 1494 807 excel-

209 844 291 870 sum
321 835 360 870 et
388 832 620 882 amplificum
648 833 846 882 ingenium
874 832 924 870 ab
953 833 1012 870 dis
1040 832 1176 869 datum
1204 836 1274 870 est.

316 895 484 946 penite
519 896 581 945 61,
613 896 689 933 174
724 895 783 933 illi
817 909 893 934 non
930 896 1055 934 minus
1084 908 1128 934 ac
1155 895 1227 934 tibi
1256 920 1308 925 —
1336 899 1494 947 pectore

208 958 332 996 uritur
364 959 500 996 intimo
531 982 582 987 —
608 959 781 1006 flamma,
826 958 895 997 sed
922 960 1052 1010 penite
1093 959 1242 1009 magis.‘
1272 984 1325 989 --
1353 959 1494 1011 Super·
1537 994 1540 996 ,

209 1023 354 1062 lativus
395 1023 726 1074 penitissime
767 1023 909 1074 legitur
950 1023 1082 1063 Sidon.
1113 1037 1173 1076 ep.
1204 1025 1241 1074 4,
1269 1025 1292 1062 9
1322 1025 1494 1064 actiones

208 1087 293 1125 eius
321 1088 569 1139 quotidianas
596 1089 838 1139 penitissime
868 1091 906 1125 et
933 1088 1042 1125 velut
1070 1100 1120 1125 ex
1148 1089 1225 1126 otio
1253 1088 1420 1139 inspexi.
1441 1112 1495 1119 —-

211 1150 392 1203 Compar.
430 1151 656 1203 penitius
690 1153 755 1204 qui
797 1152 888 1191 olim
925 1152 1124 1190 ferebatur
1151 1153 1254 1193 Cels.
1284 1154 1321 1203 5,
1350 1154 1414 1202 28,
1447 1154 1491 1192 11

208 1216 467 1266 ιρεηιίὲίιιεᾳιιθ
488 1215 642 1254 condita
665 1217 954 1267 suppuratione’
976 1229 1053 1254 non
1073 1220 1210 1255 extare
1229 1218 1270 1254 in
1288 1217 1408 1266 libris,
1428 1217 1496 1267 qui

208 1278 353 1316 habent
366 1279 547 1330 penitus,
566 1280 645 1317 iam
660 1279 788 1330 Targa
803 1280 950 1318 monuit
968 1293 1013 1317 ac
1032 1281 1188 1331 penitus
1207 1281 1358 1332 scripsit
1375 1281 1496 1319 etiam

208 1344 523 1394 Darembergius,
559 1345 793 1383 novissimus
824 1344 929 1383 Celsi
956 1344 1088 1383 editor.
1107 1369 1160 1374 —
1179 1345 1363 1384 Ceterum
1391 1344 1496 1384 adie-

210 1407 352 1445 ctivum
382 1408 483 1458 quod
511 1412 570 1447 est
596 1409 766 1459 penitus,
795 1421 829 1458 a,
859 1421 937 1456 um,
974 1409 1075 1446 unde
1110 1407 1379 1446 deducendum
1401 1408 1496 1446 illud

207 1470 354 1522 penite,
384 1476 545 1523 excepto
572 1472 737 1511 fortasse
764 1471 961 1521 Vitruvio,
989 1476 1146 1510 auctore
1174 1473 1271 1510 haut
1300 1484 1393 1510 sane
1421 1472 1496 1510 ele-

209 1535 329 1585 ganti,
357 1548 433 1574 non
451 1536 646 1587 reperitur
665 1536 739 1574 nisi
758 1536 859 1587 apud
879 1536 1078 1574 archaicos
1108 1539 1146 1574 et
1173 1535 1328 1573 infimae
1356 1536 1495 1574 aetatis

208 1599 422 1651 scriptores,
451 1603 494 1639 ut
520 1604 614 1652 puta
641 1600 824 1639 Plautum
844 1599 1061 1639 Varronem
1090 1603 1129 1638 et
1155 1598 1366 1651 Apuleium
1392 1600 1496 1639 Mar-

207 1664 357 1702 tianum
386 1665 587 1715 Capellam
614 1664 758 1702 Iulium
786 1663 1002 1702 Valerium.

312 1726 521 1766 Memorari
550 1728 670 1766 etiam
698 1731 827 1770 potest

313 1793 509 1831 mimice
538 1793 601 1842 42,
638 1794 661 1831 8
690 1793 760 1831 illa
787 1805 905 1843 quam
932 1792 1073 1831 videtis
1093 1795 1277 1843 —turpe
1312 1791 1494 1832 incedere

205 1856 358 1895 mimice
387 1870 432 1896 ac
459 1857 621 1896 moleste
640 1881 693 1887 —
710 1857 901 1895 ridentem
921 1857 1042 1895 catuli
1074 1868 1138 1895 ore
1159 1855 1379 1894 Gallicani’.
1423 1856 1496 1896 Est

206 1920 379 1960 Turnebi
406 1922 644 1972 emendatio3
671 1922 762 1960 libri
789 1922 1026 1971 mirmice,
1064 1934 1134 1972 pro
1163 1933 1240 1972 quo
1271 1919 1493 1972 Scaligerus

202 1984 503 2036 rhythmice.
533 1985 682 2025 Eodem
712 1985 895 2024 adverbio
924 1985 988 2023 usi
1020 1988 1109 2023 sunt
1139 1984 1273 2023 Senec.
1303 1988 1424 2022 contr.
1455 1984 1493 2035 2,

208 2048 256 2088 12
284 2049 305 2100 ξ
335 2051 358 2088 5
387 2049 523 2092 Burs.:
567 2051 705 2090 incidit
738 2052 780 2090 in
816 2050 1060 2089 meretricem
1094 2050 1196 2089 inter
1231 2050 1361 2088 omnia
1387 2050 1494 2088 mala

204 2113 321 2152 etiam
356 2115 559 2155 fecundam
586 2129 677 2155 vere
706 2115 882 2165 mimice,
918 2115 986 2153 ubi
1014 2116 1136 2166 vulgo
1164 2128 1366 2167 perperam
1392 2116 1495 2166 lege-

204 2176 317 2216 batur
344 2202 396 2208 —
428 2203 476 2208 —
505 2180 724 2219 fecundam.
780 2180 885 2219 Vere
913 2180 1107 2229 inimicae,
1152 2179 1252 2231 quod
1295 2192 1316 2218 e
1359 2179 1493 2219 codice

203 2255 271 2281 suo
299 2245 472 2283 correxit
504 2244 683 2283 Bursian.
740 2244 901 2282 Tertull.
931 2244 1033 2294 apol.
1064 2245 1113 2282 46
1143 2244 1296 2282 mimice
1323 2243 1493 2294 philoso-

202 2306 273 2357 phi
323 2306 506 2346 affectant
550 2308 755 2347 veritatem
790 2311 829 2347 et
865 2306 1080 2346 affectando
1129 2311 1390 2359 corrumpunt,
1425 2306 1494 2346 ubi

202 2370 336 2410 eodem
364 2385 520 2423 prorsus
549 2373 657 2422 vitio,
686 2372 787 2424 quod
807 2371 978 2411 Senecae
1005 2372 1123 2411 verba
1143 2372 1374 2423 inquinavit,
1402 2371 1494 2411 Ful-

202 2433 329 2475 densis
355 2435 473 2476 habet
500 2436 716 2487 inimici,
743 2435 1019 2487 Agobardinus
1048 2436 1306 2475 inimicae.
1348 2435 1490 2475 Veram

200 2498 408 2541 lectionem
437 2501 608 2542 servavit
636 2500 851 2541 Gothanus.
