1655 2659
696 86 749 92 -.
804 58 952 101 55-

184 181 222 231 3,
254 180 313 220 14,
341 179 444 219 Plin.
471 179 510 217 h.
538 191 577 227 n.
610 178 671 228 13,
699 179 763 216 29.
791 202 843 207 -
871 178 1009 218 Altera
1044 183 1106 218 est
1137 180 1313 219 adiectivi
1343 180 1467 219 forma

183 244 392 297 thyinus
427 243 528 294 vulg.
560 242 616 281 Io.
653 255 764 294 apoc.
797 244 858 292 18,
902 243 950 282 ,12
978 247 1018 282 et
1045 256 1158 282 omne
1185 245 1335 295 lignum
1364 245 1467 296 thyi-

183 321 276 347 num
302 310 440 361 (θύῑνος
467 306 644 358 Graeci).

311 370 417 412 Addi
442 374 625 423 possunt:

312 437 603 476 armillatus
647 435 695 485 V,
733 436 769 485 8,
798 436 862 474 24.
919 435 1054 474 Serica
1095 449 1186 475 nam
1213 441 1323 475 taceo
1365 438 1465 476 volsi

183 506 365 554 carpenta
392 502 543 554 nepotis
559 526 610 530 —
625 503 744 551 atque
772 501 983 539 armillatos
1012 502 1111 539 colla
1123 502 1296 540 Molossa
1323 502 1465 543 canes’.

183 568 333 607 Eodem
361 568 551 606 adiectivo
579 579 673 604 usus
702 569 763 603 est
791 565 949 604 Sueton.
979 566 1103 617 Calig.
1131 580 1163 604 c.
1194 568 1262 605 52:
1297 567 1466 605 armilla-

181 635 242 671 tus
269 633 311 671 in
338 632 538 684 publicum
565 631 767 682 processit,
796 633 836 669 et
855 630 947 669 Ner.
967 632 1016 668 30
1046 622 1240 669 armillata
1267 635 1308 669 et
1335 632 1467 683 phale-

181 699 268 734 rata
295 696 423 734 turba.

313 763 352 798 et

281 814 285 816 P
311 823 547 861 carbasus
585 822 660 861 adi.
690 822 739 872 V,
769 823 805 872 3,
835 824 885 860 64
913 825 1074 872 raptave
1104 822 1263 860 odorato
1302 823 1466 861 carbasa

183 887 266 925 lina
293 887 403 926 duci'.
432 911 484 916 —-
513 887 793 936 carbasum,
821 887 835 924 i
863 886 999 925 Pacat.
1030 899 1117 938 pan.
1146 887 1186 924 in
1215 886 1364 925 Theod.
1394 889 1466 937 333

182 964 232 989 ca
243 951 295 989 rb
306 951 398 1001 asi,
441 963 549 989 orum
576 950 705 988 Amm.
748 951 807 999 14,
844 952 881 999 8,
913 951 972 987 14.
1030 950 1144 988 Aliae
1186 951 1463 989 adiectivorum

180 1014 327 1053 formae
373 1018 464 1054 sunt
508 1015 649 1055 haece:
693 1014 930 1053 carbaseus
983 1013 1079 1064 Cic,
1130 1013 1258 1065 Verg.,
1299 1016 1466 1054 carbasi-

180 1092 303 1118 neus
347 1080 460 1120 Varr.
501 1092 561 1130 ap.
603 1079 727 1129 Non,
767 1079 999 1117 carbasinu
1017 1092 1035 1116 s
1063 1079 1188 1128 Plin.,
1217 1079 1331 1119 Mart.
1360 1080 1465 1131 Cap,

180 1143 314 1195 Vulg.,
335 1144 442 1184 subs.
472 1144 589 1183 carba
600 1143 707 1182 sina
734 1142 851 1195 Apul.
869 1141 1076 1181 ——Graeci
1104 1142 1296 1183 adiectiva
1323 1144 1468 1182 habent

181 1208 297 1247 haee:
325 1215 531 1258 καρπάσινος
555 1208 669 1248 Dion.
697 1208 747 1247 H.
761 1237 771 1257 ,
801 1207 944 1258 strab„
972 1216 1155 1260 καρπάσιος
1182 1209 1301 1247 Paus.

311 1272 576 1322 Oompositum
603 1284 725 1309 unum
751 1272 871 1310 habet
898 1273 1003 1310 solus
1030 1272 1260 1323 Propertius

310 1336 579 1388 impressus
607 1335 686 1385 III,
716 1335 780 1385 32,
805 1337 826 1374 7
849 1336 993 1375 missus
1023 1340 1062 1375 et
1089 1336 1292 1388 impressis
1319 1335 1467 1375 haedus

181 1401 230 1439 ab
259 1400 470 1439 uberibus’.
500 1400 685 1450 Scaliger,
712 1400 914 1452 impressa,
943 1401 1080 1451 inquit,
1108 1401 1244 1450 ubera,
1273 1413 1351 1438 non
1368 1401 1466 1438 mul-

180 1469 256 1515 cta,
299 1465 329 1504 ii
361 1465 463 1504 enim
490 1465 728 1517 pinguiores,
758 1478 921 1516 quorum
948 1469 1093 1504 matres
1122 1478 1199 1504 non
1234 1466 1467 1517 mulgentur.

180 1530 311 1582 Atque
337 1532 438 1570 hanc
465 1530 827 1581 interpretationem
855 1543 986 1569 veram
1015 1544 1102 1569 esse
1131 1531 1325 1569 existimo.

307 1595 396 1634 Non
424 1594 722 1646 Propertianum
750 1595 902 1634 videtur
929 1596 1029 1634 illud

310 1660 509 1699 ardidus
545 1660 598 1710 ΙΙ,
638 1660 673 1709 3,
712 1661 766 1700 24.
792 1674 871 1699 non
900 1660 974 1698 tibi
1002 1661 1178 1699 nascenti
1205 1661 1353 1712 primis,
1380 1673 1468 1698 mea

170 1725 283 1774 'vita,
330 1724 468 1762 diebus
497 1748 549 1753 —
582 1724 951 1774 ardidusargutum
981 1725 1145 1762 sternuit
1178 1737 1289 1762 omen
1317 1724 1467 1762 Amor?

180 1813 233 1819 —
270 1789 335 1828 Ita
378 1789 460 1828 fere
500 1789 593 1827 libri
633 1789 839 1840 (arduus
878 1789 954 1841 G.)
1009 1789 1064 1828 At
1104 1790 1220 1828 aliter
1249 1790 1341 1828 citat
1366 1790 1468 1828 hunc

181 1866 341 1893 versum
382 1852 553 1894 Macrob.
583 1852 631 1892 de
673 1852 756 1893 diff.
784 1866 840 1904 gr.
869 1857 908 1893 et
943 1854 1009 1893 lat.
1038 1866 1075 1893 v.
1102 1853 1152 1904 V,
1182 1853 1257 1893 626
1288 1856 1466 1892 sternuto

178 1916 501 1969 frequentativum
543 1919 601 1956 est
640 1929 663 1955 a
689 1916 899 1969 principali
944 1920 1165 1957 sternuo.
1219 1916 1466 1968 Propertius:

179 1980 367 2019 candidus
412 1983 602 2032 augustae
649 1980 814 2019 sternuit
859 1993 971 2020 omen
1018 1981 1148 2020 amor’.
1203 1980 1271 2019 ubi
1298 1980 1467 2020 videnda

177 2043 390 2083 Passeratii
437 2044 637 2083 adnotatio
689 2048 778 2097 apte
821 2046 1056 2084 conferentis
1097 2045 1288 2097 Propertii
1327 2057 1466 2083 versus

177 2106 247 2157 (V,
279 2108 313 2156 1,
335 2108 383 2144 67
413 2107 490 2158 sq.)
517 2107 645 2144 Roma
671 2107 775 2157 fave,
802 2108 875 2146 tibi
903 2110 1026 2159 surgit
1053 2121 1163 2160 opus,
1191 2109 1280 2147 date
1301 2108 1466 2146 candida

178 2169 282 2209 cives
324 2193 377 2199 —-
419 2171 549 2210 omina
587 2173 627 2210 et
653 2171 816 2224 inceptis
846 2170 1009 2212 dextera
1038 2175 1171 2212 cantet
1200 2172 1298 2224 avis,
1327 2175 1366 2211 et
1394 2170 1466 2211 Ca-

178 2236 264 2272 tulli
283 2235 366 2286 (45,
388 2237 411 2273 8
433 2238 508 2286 sq.)
527 2236 599 2273 hoc
617 2240 660 2274 ut
677 2237 779 2274 dixit
795 2236 930 2286 Amor,
958 2239 1114 2275 sinistra
1133 2241 1177 2274 ut
1195 2241 1284 2274 ante
1304 2260 1356 2265 —
1374 2236 1462 2273 dex-

176 2300 236 2335 tra
264 2298 432 2336 sternuit
460 2298 791 2350 adprobationem.
847 2299 1138 2339 Brouckhusius
1167 2299 1334 2338 coniecit
1373 2311 1395 2338 a
1409 2311 1436 2337 u
1450 2321 1464 2328 -

176 2368 329 2413 reus,
358 2364 463 2415 quod
490 2368 643 2402 tantum
670 2378 749 2403 non
775 2369 1006 2416 perpetuum
1026 2378 1115 2403 esse
1134 2365 1294 2402 Amoris
1314 2365 1465 2415 epithe-

175 2429 243 2464 ton
284 2428 476 2478 exemplis
519 2431 580 2465 sat
619 2428 752 2466 multis
780 2440 960 2466 asserere
988 2427 1127 2466 studet.
1183 2427 1265 2466 Alii
1292 2428 1465 2479 ineptam

0 2539 23 2553 A
106 2533 110 2536 ,
175 2488 266 2528 libri
283 2490 593 2543 Hamburgensis
614 2493 846 2544 scripturam
876 2493 1044 2532 aridus
1071 2493 1298 2551 probavere.
1326 2492 1464 2531 Hertz-

175 2553 337 2606 bei-gius
386 2555 551 2595 retinuit
596 2556 695 2595 illud
739 2556 896 2596 ardidus
941 2558 1258 2609 comparavitque
1296 2569 1385 2595 cum
1412 2556 1464 2595 iis
