1655 2659
726 82 779 89 .-
833 59 884 96 27
931 82 984 88 .-

215 175 459 215 coniunctus.
518 174 655 214 Active
683 174 855 225 positum
897 177 958 212 est
999 173 1235 212 adiectivum
1264 172 1337 211 hoc
1365 172 1498 211 Front.

215 239 263 278 de
312 252 365 277 or.
411 241 429 277 1
471 239 670 277 confusam
712 251 797 276 eam
839 250 911 288 ego
955 237 1217 288 eloquentiam
1258 260 1311 266 —
1353 236 1498 287 partim

213 303 338 354 igneis
365 302 529 341 nucibus
557 301 728 350 Catonis,
744 302 884 353 partim
905 300 1079 340 Senecae
1106 301 1287 339 mollibus
1315 304 1355 338 et
1381 299 1499 338 febri-

214 368 355 405 culosis
383 367 583 418 prunuleis
611 367 779 416 insitam,
808 365 1109 403 subvertendam
1138 377 1275 403 censeo
1295 364 1496 402 radia-itus.

214 431 345 483 Atque
388 432 485 469 haec
526 430 758 480 significatio
801 430 928 468 nescio
972 442 1021 466 an
1051 428 1194 467 Catulli
1222 440 1379 480 quoque
1408 428 1496 466 loco

212 498 302 546 apta
338 494 400 544 sit,
428 497 473 531 ut
500 494 752 543 intellegatur
783 497 962 543 scortum,
991 494 1091 543 quod
1122 494 1202 531 sive
1232 493 1403 543 eorporis
1431 492 1497 530 de-

211 558 405 598 formitate
447 558 529 597 sive
571 570 718 596 morum
760 559 978 597 rusticitate
1007 559 1065 609 (et
1091 559 1163 596 hoc
1190 557 1315 596 notari
1343 557 1496 595 videtur

211 621 260 661 V.
290 622 335 672 2)
364 622 510 660 febrem
539 622 664 672 possit
690 622 874 661 incutere.

339 696 618 747 frigidulus
651 697 722 746 64,
763 698 831 735 131
866 698 1069 748 frigidulos
1097 698 1171 736 udo
1202 697 1399 747 singultus
1428 709 1493 734 ore

212 761 392 811 cientem,
434 774 511 812 quo
547 761 684 799 eodem
726 762 918 800 adiectivo
960 776 1050 801 usus
1093 765 1151 800 est
1192 761 1332 799 Catulli
1368 761 1494 810 simia,

210 825 377 876 scriptor
414 824 517 863 Ciris
558 825 635 863 251
677 825 899 875 frigidulam
943 826 1090 864 iniecta
1133 825 1346 863 circumdat
1385 828 1494 863 veste

209 889 378 940 puellam
420 889 473 927 ib.
509 890 586 928 348
629 901 746 939 super
778 891 975 929 morientis
1005 890 1184 928 alumnae
1214 913 1265 918 —
1294 888 1493 939 frigidulos

210 953 341 991 cubito
371 954 538 991 subnixa
565 953 753 1004 pependit
780 954 934 991 ocellos.

339 1027 586 1066 Enum‹rabo
624 1028 702 1066 iam
746 1029 973 1079 composita,
984 1029 1009 1078 ¹)
1039 1029 1078 1066 in
1114 1028 1252 1078 quibus
1279 1026 1493 1065 formandis

212 1094 282 1129 aut
322 1090 565 1130 substantiva
606 1095 646 1130 et
687 1093 881 1131 adiectiva
923 1094 1023 1131 inter
1065 1105 1106 1131 se
1147 1095 1215 1131 aut
1252 1104 1339 1129 cum
1366 1091 1495 1129 verbis

211 1159 492 1206 componuntur
538 1160 606 1195 aut
650 1157 771 1196 verba
817 1170 903 1196 cum
944 1157 1162 1209 particulis.
1220 1156 1318 1194 Sunt
1358 1159 1492 1194 autem

209 1220 329 1258 haec:

339 1284 533 1323 buxifer
561 1287 597 1334 4,
630 1287 676 1323 13
691 1285 864 1324 Amastri
892 1287 1056 1325 Pontica
1084 1289 1124 1323 et
1143 1285 1286 1337 Cytore
1314 1284 1491 1323 buxifer'.

209 1347 390 1399 Cytorum
423 1348 715 1399 Paphlagoniae
756 1354 927 1388 montem
968 1350 1071 1388 buxo
1113 1349 1330 1388 abundasse
1367 1351 1492 1386 testes

211 1414 304 1449 sunt
330 1410 450 1461 Verg.
482 1411 623 1463 Georg.
655 1414 691 1462 2,
720 1414 796 1451 437
828 1418 868 1452 et
896 1414 1005 1452 iuvat
1033 1414 1244 1452 undantem
1272 1413 1374 1450 buxo
1408 1424 1493 1463 spe-

210 1473 313 1513 ctare
342 1474 549 1527 Cytorum3
591 1475 678 1515 Vib.
710 1476 822 1528 Sequ.
856 1477 905 1516 de
947 1482 1065 1516 mont.
1095 1492 1131 1529 p.
1173 1477 1224 1516 28
1268 1476 1327 1515 ed.
1358 1475 1493 1514 Oberl.

210 1539 375 1591 Cytorus
417 1540 457 1578 in
498 1540 627 1579 Ponto
668 1541 965 1592 Paphlagoniae
1007 1542 1109 1580 buxo
1140 1545 1291 1592 potens,
1319 1541 1386 1578 ubi
1414 1540 1492 1578 vid.

130 1613 134 1617 ‘
211 1616 274 1655 ap.
304 1603 537 1642 Oberlinum
564 1617 665 1656 quae
694 1605 818 1643 multa
847 1605 1041 1656 collegere
1070 1606 1189 1657 intpp.

338 1690 391 1716 co
404 1678 543 1727 niger
571 1679 634 1728 64,
658 1678 731 1718 106
752 1680 971 1729 conigeram
990 1680 1143 1718 sudanti
1164 1680 1311 1717 cortice
1330 1679 1488 1729 pinum’.

210 1741 413 1790 corniger
452 1740 502 1779 V.
532 1742 636 1780 conif
645 1755 692 1780 er
734 1743 832 1781 dixit
873 1743 990 1793 Verg.
1027 1743 1124 1780 Aen.
1160 1743 1200 1791 3,
1242 1742 1320 1780 680
1361 1742 1492 1780 aeriae

209 1817 374 1856 quercus
417 1809 486 1844 aut
528 1806 720 1845 coniferae
762 1808 975 1859 cyparissi3
1012 1807 1131 1858 idque
1160 1806 1302 1845 Catulli
1340 1818 1492 1857 quoque

206 1869 292 1907 loco
320 1870 524 1909 restituere
551 1866 677 1909 voluit
705 1872 787 1910 Fea
815 1872 856 1909 in
884 1872 1004 1922 praef.
1034 1871 1090 1908 ad.
1120 1871 1215 1908 Hor.

336 1943 571 1995 ederiger
613 1946 684 1996 63,
713 1947 764 1984 23
792 1946 859 1984 ubi
888 1946 1016 1997 capita
1042 1945 1250 1983 Maenades
1277 1945 1316 1982 vi
1344 1944 1492 1982 iaciunt

206 2006 442 2057 ederigerae'
488 2009 534 2046 ei
580 2009 813 2059 derigere
860 2010 907 2048 V.
937 2010 1085 2048 Eodem
1126 2009 1190 2046 vel
1232 2009 1349 2046 simili
1377 2021 1491 2046 sensu

207 2069 416 2120 ⁸ederatus’
460 2071 592 2110 dixere
634 2072 742 2123 Calp.
775 2073 834 2122 10,
863 2074 913 2111 28
942 2073 1084 2123 (frons)
1112 2073 1225 2111 Paul.
1253 2072 1339 2110 Nol.
1371 2085 1489 2110 carm.

206 2132 271 2182 26,
300 2133 377 2172 278
406 2135 611 2186 (pompae)
642 2136 744 2175 Tert.
773 2149 845 2175 cor.
876 2137 954 2175 mil.
987 2138 1008 2174 7
1038 2137 1277 2188 (Liberum).

335 2209 464 2247 erifu
476 2223 533 2260 ga
562 2210 624 2260 63,
655 2213 700 2250 51
734 2225 805 2262 ego
835 2225 949 2262 quam
978 2212 1053 2261 (sc.
1074 2211 1262 2262 patriam)
1291 2212 1411 2249 miser
1429 2225 1489 2250 re-

204 2272 396 2323 linquens,
427 2273 600 2312 dominos
626 2278 670 2313 ut
698 2275 873 2326 erifugae
900 2299 953 2305 —
982 2276 1116 2314 famuli
1145 2276 1296 2313 solent’.

339 2442 366 2485 ¹)
387 2442 421 2475 C.
445 2443 529 2474 Leh
539 2445 681 2476 manni
713 2445 975 2477 dissertationem
1012 2446 1061 2487 ⁴de
1095 2446 1269 2477 adiectivis
1301 2446 1489 2485 compositis
1531 2457 1534 2459 ·

134 2538 139 2541 ν
204 2496 292 2537 apud
315 2496 490 2538 Catullum,
514 2498 691 2538 Tibullum,
712 2499 927 2540 Propertium,
940 2500 1133 2542 Vergilium,
1147 2500 1306 2541 Ovidium,
1318 2501 1488 2533 Horatium

203 2549 442 2582 occurentibus.
473 2550 599 2592 Regim.
623 2551 676 2583 Pr.
695 2552 786 2583 1867’
809 2562 876 2583 non
897 2552 973 2584 vidi.
