1655 2659
701 61 959 102 *53-

313 180 386 231 Gy
395 192 449 230 ga
457 190 513 217 eu
522 192 540 217 s
552 178 625 228 IV,
631 179 691 229 10,
704 180 750 217 18
758 178 885 230 Lydia
902 179 1062 229 Gygaeo
1077 182 1202 216 tincta
1213 177 1347 229 pue'lla
1362 180 1474 218 lacu'.

189 243 294 281 Plin.
323 243 360 281 h.
402 256 439 281 n.
468 243 505 293 5,
546 242 597 282 29
640 241 731 293 (30)
770 243 844 280 110
879 254 929 281 ex
965 255 1038 294 quo
1066 243 1281 294 profluente
1310 242 1474 282 Pactolo

188 307 400 359 eodemque
429 306 696 360 Chrysen-hoa
737 319 783 344 ac
823 307 929 344 fonte
959 307 1077 344 Tarni
1112 320 1136 344 a
1162 307 1352 345 Maeoniis
1382 307 1474 345 civi-

187 364 255 408 tas
293 371 380 422 ipsa
419 368 537 421 Hyde
581 370 750 408 vocitata
795 373 854 407 est
897 370 1001 407 clara
1046 374 1182 421 stagno
1221 370 1391 422 Gygaeo,
1422 396 1474 400 —

189 434 306 473 Hom.
335 435 382 472 ss.
410 435 449 484 2,
478 435 575 472 865:
605 436 655 470 υἷε
682 438 911 480 Ταλαιμένεος,
935 437 980 469 τώ
1003 438 1133 480 Γυγαίη
1156 439 1227 470 τέκε
1251 440 1364 482 λίμνη.

314 498 592 537 hederosus
632 497 682 547 V,
725 499 762 547 4,
809 498 832 535 3
868 496 977 534 lucus
1021 500 1104 535 erat
1147 497 1243 535 felix
1283 498 1472 537 hederoso

187 562 364 600 conditus
392 562 527 600 antro’.

314 625 543 678 Hylaeus
587 625 629 675 Ι,
668 626 710 673 1,
743 624 791 663 13
827 623 894 661 ille
935 624 1051 661 etiam
1079 624 1237 675 Hyllaei
1265 637 1472 664 concussus

185 691 345 728 vulnere
371 690 471 728 rami
498 713 551 718 —
579 689 733 727 saucius
760 687 940 726 Arcadiis
973 688 1135 738 rupibus
1162 688 1374 738 ingemuit’.
1410 690 1473 727 Ita

188 757 437 793 correxerunt
477 754 644 807 Perreus
686 755 728 791 et
769 751 924 791 Volsus.
992 751 1027 790 N
1064 752 1218 804 psylli
1263 752 1299 791 G
1334 753 1470 804 psili.

187 818 278 856 Vid.
307 818 536 868 Hertzberg.

316 882 558 933 Hylleus
603 881 644 931 Ι,
691 882 734 930 8,
782 881 832 918 26
879 883 919 917 et
963 879 1055 917 licet
1094 879 1261 931 Hylleis,
1301 880 1369 918 illa
1410 880 1469 918 fu-

181 950 269 984 tura
295 945 446 983 meast'.
778 987 780 989 ,

311 1008 646 1061 Lycomedius
674 1007 732 1058 V,
766 1007 802 1058 2,
832 1008 883 1046 51
910 1011 1084 1058 tempore
1113 1020 1187 1058 q-uo
1215 1007 1332 1046 sociis
1365 1007 1470 1046 venit

182 1073 443 1125 Lycomedius
486 1073 606 1111 armis
647 1096 699 1101 —
743 1076 858 1123 atque
886 1072 1033 1111 Sabina
1059 1072 1130 1110 feri
1159 1072 1334 1110 contudit
1362 1085 1471 1110 arma

184 1138 301 1176 Tati’.
358 1138 416 1178 Of.
445 1137 549 1175 Fest.
578 1150 615 1188 p.
650 1137 743 1174 120:
780 1136 994 1175 Lucomedi
1022 1150 1045 1174 a
1072 1136 1172 1174 duce
1200 1149 1269 1174 suo
1297 1136 1470 1174 Lucumo

183 1202 297 1252 dicti,
337 1203 405 1254 qui
441 1205 577 1253 postea
613 1196 805 1239 Lucreses
843 1202 1028 1252 appellati
1066 1205 1166 1250 sunt,
1203 1200 1269 1238 ubi
1296 1201 1392 1238 haec
1420 1200 1467 1238 Ο.

181 1266 408 1304 Muellerus:
447 1278 509 1316 ‘ex
551 1265 612 1303 his
643 1265 863 1316 intelligere
899 1265 995 1303 mihi
1032 1266 1185 1314 videor,
1233 1264 1467 1303 Graeculum

181 1330 345 1380 aliquem
374 1330 438 1368 vel
463 1329 686 1367 Romanum
725 1329 930 1367 immodice
962 1330 1263 1379 graecissantem
1290 1328 1467 1379 Lycomi-

181 1392 319 1431 darum
355 1396 523 1445 gentem,
559 1398 658 1443 q'uae
696 1405 720 1431 a
753 1393 926 1445 Lycomo
963 1386 1026 1432 vel
1058 1394 1231 1432 Lucumo
1259 1406 1399 1432 nomen
1427 1397 1467 1431 et

181 1458 368 1508 originem
396 1457 572 1506 ducebat,
600 1468 650 1494 ex
676 1456 810 1495 Attica
828 1456 1074 1496 Messeniave
1098 1458 1139 1495 in
1157 1458 1314 1496 Italiam
1341 1462 1464 1496 trans-

181 1522 335 1560 vexisse
361 1525 403 1560 et
428 1521 626 1560 Lucerum
644 1521 813 1572 vstirpem
841 1534 891 1560 ex
918 1535 965 1560 ea
983 1522 1203 1561 derivasse'.
1238 1522 1380 1561 Melius
1402 1535 1466 1560 ex-

181 1586 341 1637 plicavit
367 1598 451 1624 rem
478 1585 774 1636 Hertzbergius,
800 1586 910 1624 cuius
937 1587 1027 1625 vide
1054 1586 1356 1625 adnotationem.

309 1650 645 1688 Menandreus
682 1650 742 1700 ΙΙ,
780 1651 825 1700 6,
855 1650 878 1690 3
908 1651 1023 1689 turba
1049 1644 1309 1689 Menandreae
1335 1651 1466 1689 fuerat

182 1726 255 1752 nec
283 1714 456 1752 Thaidos
504 1714 598 1752 olim
639 1738 691 1743 —
727 1716 861 1753 tanta’.
891 1740 944 1745 —
971 1715 1322 1753 Menandricus
1350 1715 1468 1753 habet

183 1776 346 1816 Tei-tull.
375 1777 425 1816 de
452 1778 547 1830 pall.
577 1779 602 1816 4
647 1791 808 1830 prorsus
853 1780 886 1818 si
933 1780 1022 1831 quis
1068 1779 1316 1819 Menandrico
1361 1780 1470 1818 fluxu

183 1843 390 1882 delicatam
435 1846 587 1882 vestem
631 1844 739 1882 humi
784 1846 989 1896 protrahat
1026 1858 1058 1884 e.
1096 1859 1132 1895 q.
1164 1858 1193 1883 s.
1237 1868 1288 1873 —
1335 1855 1470 1885 Μενάν-

182 1918 290 1963 creme
315 1907 412 1945 Luc.

310 1971 604 2011 Menelaeus
641 1971 717 2022 III,
757 1973 792 2022 7,
824 1973 872 2011 14
901 1986 990 2012 cum
1019 1973 1220 2012 Menelaeo
1248 1975 1423 2023 surgeret
1450 1985 1472 2010 e

181 2037 375 2075 thalamo'.
407 2037 553 2075 Graeci
582 2045 776 2076 Μενελάιυς.

310 2101 495 2141 Naicus
536 2102 597 2141 III
616 2133 627 2153 ,
670 2103 733 2154 30,
769 2103 821 2143 40
866 2104 1068 2156 supposita
1113 2103 1312 2154 excipiens
1348 2101 1473 2140 Naica

183 2166 284 2204 dona
311 2166 458 2204 manu’.
485 2191 538 2196 ——
568 2164 711 2206 Ναῑᾴκὸς
748 2168 910 2207 Anthol.
942 2170 1002 2218 10,
1031 2169 1095 2217 21,
1126 2169 1149 2205 8
1178 2167 1332 2205 Iacobs.

311 2229 553 2270 Neuricus
581 2232 631 2282 V,
653 2234 689 2282 3,
706 2234 729 2270 8
744 2236 784 2270 te
811 2232 925 2270 modo
947 2231 1131 2270 viderunt
1150 2232 1310 2270 iteratos
1330 2231 1477 2269 Bactra

182 2305 252 2343 per
298 2297 406 2332 ortus
444 2316 497 2321 —-
533 2299 572 2334 te
617 2296 731 2334 modo
777 2296 925 2334 munito
963 2296 1156 2335 Neuricus
1192 2296 1313 2333 hostis
1350 2294 1473 2345 equo'.

122 2366 127 2370 '
181 2357 245 2396 Ita
268 2358 496 2398 emendavit
523 2360 703 2399 Jacobus.
759 2361 960 2399 hericus
1000 2360 1037 2398 N
1072 2361 1276 2399 euricus
1303 2359 1351 2398 G.
1380 2359 1470 2397 Vid.

181 2422 409 2474 Hertzberg.

309 2486 348 2525 N
356 2487 514 2527 ilotes
542 2488 591 2539 V,
620 2490 656 2539 8,
677 2490 729 2527 39
756 2488 907 2528 Nilotes
933 2490 1080 2529 tibicen
1109 2493 1205 2540 erat,
1232 2488 1466 2528 crotalistria

181 2550 363 2602 Phyllis&
415 2551 491 2591 Est
529 2551 718 2604 Scaliger-'i
752 2554 985 2592 emendatio.
1033 2554 1144 2593 Libri
1180 2553 1309 2603 Nile,
1352 2556 1468 2593 tuus
