<?xml version="1.0" encoding="UTF-8"?>
<!DOCTYPE html PUBLIC "-//W3C//DTD XHTML 1.0 Transitional//EN"
    "http://www.w3.org/TR/xhtml1/DTD/xhtml1-transitional.dtd">
<html xmlns="http://www.w3.org/1999/xhtml" xml:lang="en" lang="en">
 <head>
  <title>
</title>
<meta http-equiv="Content-Type" content="text/html;charset=utf-8" />
  <meta name='ocr-system' content='tesseract 3.04.00' />
  <meta name='ocr-capabilities' content='ocr_page ocr_carea ocr_par ocr_line ocrx_word'/>
</head>
<body>
  <div class='ocr_page' id='page_1' title='image "4737325_0051.png"; bbox 0 0 1655 2659; ppageno 0'>
   <div class='ocr_carea' id='block_1_1' title="bbox 0 0 189 97">
    <p class='ocr_par' dir='ltr' id='par_1_1' title="bbox 0 0 189 97">
     <span class='ocr_line' id='line_1_1' title="bbox 0 0 189 97; baseline 0 2562"><span class='ocrx_word' id='word_1_1' title='bbox 0 0 189 97; x_wconf 95' lang='lat' dir='ltr'><strong> </strong></span> 
     </span>
    </p>
   </div>
   <div class='ocr_carea' id='block_1_2' title="bbox 677 35 942 98">
    <p class='ocr_par' dir='ltr' id='par_1_2' title="bbox 677 35 942 98">
     <span class='ocr_line' id='line_1_2' title="bbox 677 35 942 98; baseline -0.008 -8"><span class='ocrx_word' id='word_1_2' title='bbox 677 35 942 98; x_wconf 63' lang='grc'>...43-</span> 
     </span>
    </p>
   </div>
   <div class='ocr_carea' id='block_1_3' title="bbox 125 174 1455 291">
    <p class='ocr_par' dir='ltr' id='par_1_3' title="bbox 125 174 1455 291">
     <span class='ocr_line' id='line_1_3' title="bbox 125 174 1453 228; baseline -0.005 -9"><span class='ocrx_word' id='word_1_3' title='bbox 125 185 127 187; x_wconf 82' lang='grc'><strong>’</strong></span> <span class='ocrx_word' id='word_1_4' title='bbox 164 177 261 218; x_wconf 91' lang='lat' dir='ltr'><strong>bulli</strong></span> <span class='ocrx_word' id='word_1_5' title='bbox 286 178 361 218; x_wconf 81' lang='lat' dir='ltr'><strong>hoc</strong></span> <span class='ocrx_word' id='word_1_6' title='bbox 389 191 544 218; x_wconf 81' lang='lat' dir='ltr'><strong>carmen</strong></span> <span class='ocrx_word' id='word_1_7' title='bbox 572 177 769 217; x_wconf 52' lang='lat' dir='ltr'><strong>evicero:</strong></span> <span class='ocrx_word' id='word_1_8' title='bbox 792 175 971 228; x_wconf 81' lang='lat' dir='ltr'><strong>Namque</strong></span> <span class='ocrx_word' id='word_1_9' title='bbox 998 188 1045 215; x_wconf 88' lang='lat' dir='ltr'><strong>ea</strong></span> <span class='ocrx_word' id='word_1_10' title='bbox 1072 188 1171 228; x_wconf 85' lang='lat' dir='ltr'><strong>quae</strong></span> <span class='ocrx_word' id='word_1_11' title='bbox 1210 174 1338 214; x_wconf 84' lang='lat' dir='ltr'><strong>adhuc</strong></span> <span class='ocrx_word' id='word_1_12' title='bbox 1365 188 1453 228; x_wconf 91' lang='lat' dir='ltr'><strong>pro-</strong></span> 
     </span>
     <span class='ocr_line' id='line_1_4' title="bbox 164 240 1455 291; baseline -0.004 -10"><span class='ocrx_word' id='word_1_13' title='bbox 164 243 246 281; x_wconf 85' lang='lat' dir='ltr'><strong>lata</strong></span> <span class='ocrx_word' id='word_1_14' title='bbox 273 246 361 281; x_wconf 91' lang='lat' dir='ltr'><strong>sunt</strong></span> <span class='ocrx_word' id='word_1_15' title='bbox 379 255 454 281; x_wconf 84' lang='lat' dir='ltr'><strong>non</strong></span> <span class='ocrx_word' id='word_1_16' title='bbox 474 243 531 280; x_wconf 87' lang='lat' dir='ltr'><strong>ita</strong></span> <span class='ocrx_word' id='word_1_17' title='bbox 551 254 636 280; x_wconf 83' lang='lat' dir='ltr'><strong>esse</strong></span> <span class='ocrx_word' id='word_1_18' title='bbox 655 244 890 291; x_wconf 86' lang='lat' dir='ltr'><strong>comparata,</strong></span> <span class='ocrx_word' id='word_1_19' title='bbox 917 244 960 277; x_wconf 90' lang='lat' dir='ltr'><strong>ut</strong></span> <span class='ocrx_word' id='word_1_20' title='bbox 989 251 1142 277; x_wconf 90' lang='lat' dir='ltr'><strong>omnem</strong></span> <span class='ocrx_word' id='word_1_21' title='bbox 1169 240 1318 290; x_wconf 79' lang='lat' dir='ltr'>possint</span> <span class='ocrx_word' id='word_1_22' title='bbox 1353 252 1455 277; x_wconf 88' lang='lat' dir='ltr'><strong>scru-</strong></span> 
     </span>
    </p>
   </div>
   <div class='ocr_carea' id='block_1_4' title="bbox 95 301 1454 360">
    <p class='ocr_par' dir='ltr' id='par_1_4' title="bbox 95 301 1454 360">
     <span class='ocr_line' id='line_1_5' title="bbox 95 301 1454 360; baseline -0.004 -14"><span class='ocrx_word' id='word_1_23' title='bbox 95 347 98 350; x_wconf 18' lang='grc' dir='ltr'><strong>Δ</strong></span> <span class='ocrx_word' id='word_1_24' title='bbox 166 306 302 360; x_wconf 90' lang='lat' dir='ltr'><strong>pulum</strong></span> <span class='ocrx_word' id='word_1_25' title='bbox 331 307 496 346; x_wconf 89' lang='lat' dir='ltr'><strong>evellere</strong></span> <span class='ocrx_word' id='word_1_26' title='bbox 524 306 602 345; x_wconf 91' lang='lat' dir='ltr'><strong>iam</strong></span> <span class='ocrx_word' id='word_1_27' title='bbox 630 305 722 344; x_wconf 92' lang='lat' dir='ltr'><strong>inde</strong></span> <span class='ocrx_word' id='word_1_28' title='bbox 749 304 909 357; x_wconf 80' lang='lat' dir='ltr'>adparet</span> <span class='ocrx_word' id='word_1_29' title='bbox 937 303 1038 356; x_wconf 91' lang='lat' dir='ltr'><strong>quod</strong></span> <span class='ocrx_word' id='word_1_30' title='bbox 1064 303 1131 350; x_wconf 86' lang='lat' dir='ltr'><strong>W.</strong></span> <span class='ocrx_word' id='word_1_31' title='bbox 1154 302 1193 342; x_wconf 82' lang='lat' dir='ltr'><strong>S.</strong></span> <span class='ocrx_word' id='word_1_32' title='bbox 1224 301 1454 354; x_wconf 84' lang='lat' dir='ltr'><strong>Teuffelius,</strong></span> 
     </span>
    </p>
   </div>
   <div class='ocr_carea' id='block_1_5' title="bbox 107 369 1455 2601">
    <p class='ocr_par' dir='ltr' id='par_1_5' title="bbox 107 369 1455 2601">
     <span class='ocr_line' id='line_1_6' title="bbox 167 369 1454 420; baseline -0.002 -11"><span class='ocrx_word' id='word_1_33' title='bbox 167 372 334 409; x_wconf 85' lang='lat' dir='ltr'><strong>acerimo</strong></span> <span class='ocrx_word' id='word_1_34' title='bbox 361 372 423 409; x_wconf 82' lang='lat' dir='ltr'><strong>vir</strong></span> <span class='ocrx_word' id='word_1_35' title='bbox 450 371 606 419; x_wconf 85' lang='lat' dir='ltr'><strong>iudicio,</strong></span> <span class='ocrx_word' id='word_1_36' title='bbox 647 383 731 407; x_wconf 87' lang='lat' dir='ltr'><strong>cum</strong></span> <span class='ocrx_word' id='word_1_37' title='bbox 760 369 816 407; x_wconf 68' lang='lat' dir='ltr'><strong>v&#39;in‘</strong></span> <span class='ocrx_word' id='word_1_38' title='bbox 844 370 1083 420; x_wconf 81' lang='lat' dir='ltr'>praefatione</span> <span class='ocrx_word' id='word_1_39' title='bbox 1120 369 1454 419; x_wconf 80' lang='lat' dir='ltr'><strong>interpretationis</strong></span> 
     </span>
     <span class='ocr_line' id='line_1_7' title="bbox 166 430 1452 485; baseline -0.004 -13"><span class='ocrx_word' id='word_1_40' title='bbox 166 435 411 484; x_wconf 78' lang='lat' dir='ltr'><strong>germanicae</strong></span> <span class='ocrx_word' id='word_1_41' title='bbox 451 447 488 485; x_wconf 91' lang='lat' dir='ltr'><strong>p.</strong></span> <span class='ocrx_word' id='word_1_42' title='bbox 522 435 566 471; x_wconf 89' lang='lat'><strong>11</strong></span> <span class='ocrx_word' id='word_1_43' title='bbox 598 445 677 484; x_wconf 88' lang='lat' dir='ltr'><strong>sqq.</strong></span> <span class='ocrx_word' id='word_1_44' title='bbox 719 432 789 483; x_wconf 88' lang='lat' dir='ltr'><strong>(cf.</strong></span> <span class='ocrx_word' id='word_1_45' title='bbox 834 431 943 469; x_wconf 84' lang='lat' dir='ltr'><strong>Stud.</strong></span> <span class='ocrx_word' id='word_1_46' title='bbox 972 444 1010 469; x_wconf 93' lang='lat' dir='ltr'><strong>u.</strong></span> <span class='ocrx_word' id='word_1_47' title='bbox 1041 430 1268 470; x_wconf 85' lang='lat' dir='ltr'><strong>Charakter.</strong></span> <span class='ocrx_word' id='word_1_48' title='bbox 1305 442 1343 482; x_wconf 91' lang='lat' dir='ltr'><strong>p.</strong></span> <span class='ocrx_word' id='word_1_49' title='bbox 1374 431 1452 468; x_wconf 86' lang='lat'><strong>352</strong></span> 
     </span>
     <span class='ocr_line' id='line_1_8' title="bbox 165 495 1452 550; baseline -0.004 -13"><span class='ocrx_word' id='word_1_50' title='bbox 165 497 267 550; x_wconf 86' lang='lat' dir='ltr'><strong>sqq.)</strong></span> <span class='ocrx_word' id='word_1_51' title='bbox 293 502 375 537; x_wconf 92' lang='lat' dir='ltr'><strong>tum</strong></span> <span class='ocrx_word' id='word_1_52' title='bbox 403 499 443 537; x_wconf 91' lang='lat' dir='ltr'><strong>in</strong></span> <span class='ocrx_word' id='word_1_53' title='bbox 470 498 541 537; x_wconf 92' lang='lat' dir='ltr'><strong>litt.</strong></span> <span class='ocrx_word' id='word_1_54' title='bbox 569 497 731 536; x_wconf 85' lang='lat' dir='ltr'><strong>Roman.</strong></span> <span class='ocrx_word' id='word_1_55' title='bbox 761 496 851 534; x_wconf 89' lang='lat' dir='ltr'><strong>hist.</strong></span> <span class='ocrx_word' id='word_1_56' title='bbox 878 509 915 547; x_wconf 90' lang='lat' dir='ltr'><strong>p.</strong></span> <span class='ocrx_word' id='word_1_57' title='bbox 946 496 1035 544; x_wconf 87' lang='lat'><strong>443,</strong></span> <span class='ocrx_word' id='word_1_58' title='bbox 1067 495 1090 533; x_wconf 89' lang='lat'><strong>3</strong></span> <span class='ocrx_word' id='word_1_59' title='bbox 1120 495 1334 546; x_wconf 86' lang='lat' dir='ltr'><strong>genuinum</strong></span> <span class='ocrx_word' id='word_1_60' title='bbox 1367 507 1452 533; x_wconf 82' lang='lat' dir='ltr'><strong>esse</strong></span> 
     </span>
     <span class='ocr_line' id='line_1_9' title="bbox 164 558 1453 615; baseline -0.003 -14"><span class='ocrx_word' id='word_1_61' title='bbox 164 563 442 615; x_wconf 78' lang='lat' dir='ltr'><strong>panegyricum</strong></span> <span class='ocrx_word' id='word_1_62' title='bbox 470 562 640 613; x_wconf 81' lang='lat' dir='ltr'><strong>graviter</strong></span> <span class='ocrx_word' id='word_1_63' title='bbox 675 561 849 599; x_wconf 85' lang='lat' dir='ltr'><strong>affirmat.</strong></span> <span class='ocrx_word' id='word_1_64' title='bbox 903 559 1011 598; x_wconf 87' lang='lat' dir='ltr'><strong>Idem</strong></span> <span class='ocrx_word' id='word_1_65' title='bbox 1040 563 1169 597; x_wconf 87' lang='lat' dir='ltr'><strong>tamen</strong></span> <span class='ocrx_word' id='word_1_66' title='bbox 1200 559 1358 597; x_wconf 89' lang='lat' dir='ltr'><strong>minime</strong></span> <span class='ocrx_word' id='word_1_67' title='bbox 1386 558 1453 597; x_wconf 88' lang='lat' dir='ltr'><strong>du-</strong></span> 
     </span>
     <span class='ocr_line' id='line_1_10' title="bbox 167 624 1453 678; baseline -0.002 -12"><span class='ocrx_word' id='word_1_68' title='bbox 167 626 263 666; x_wconf 88' lang='lat' dir='ltr'><strong>bitat</strong></span> <span class='ocrx_word' id='word_1_69' title='bbox 289 628 446 666; x_wconf 91' lang='lat' dir='ltr'><strong>tertium</strong></span> <span class='ocrx_word' id='word_1_70' title='bbox 474 626 687 678; x_wconf 88' lang='lat' dir='ltr'><strong>elegiarum</strong></span> <span class='ocrx_word' id='word_1_71' title='bbox 723 625 867 664; x_wconf 83' lang='lat' dir='ltr'><strong>librum</strong></span> <span class='ocrx_word' id='word_1_72' title='bbox 894 638 972 663; x_wconf 91' lang='lat' dir='ltr'><strong>non</strong></span> <span class='ocrx_word' id='word_1_73' title='bbox 1001 638 1085 664; x_wconf 87' lang='lat' dir='ltr'><strong>esse</strong></span> <span class='ocrx_word' id='word_1_74' title='bbox 1115 624 1263 663; x_wconf 86' lang='lat' dir='ltr'><strong>Tibulli</strong></span> <span class='ocrx_word' id='word_1_75' title='bbox 1290 636 1453 676; x_wconf 88' lang='lat' dir='ltr'><strong>eamque</strong></span> 
     </span>
     <span class='ocr_line' id='line_1_11' title="bbox 164 688 1449 743; baseline -0.002 -13"><span class='ocrx_word' id='word_1_76' title='bbox 164 691 388 743; x_wconf 88' lang='lat' dir='ltr'><strong>opinionem</strong></span> <span class='ocrx_word' id='word_1_77' title='bbox 428 691 561 729; x_wconf 91' lang='lat' dir='ltr'><strong>multis</strong></span> <span class='ocrx_word' id='word_1_78' title='bbox 603 689 840 737; x_wconf 70' lang='lat' dir='ltr'><strong>argumentis</strong></span> <span class='ocrx_word' id='word_1_79' title='bbox 883 690 1027 740; x_wconf 90' lang='lat' dir='ltr'><strong>optime</strong></span> <span class='ocrx_word' id='word_1_80' title='bbox 1057 688 1284 741; x_wconf 87' lang='lat' dir='ltr'><strong>comprobat</strong></span> <span class='ocrx_word' id='word_1_81' title='bbox 1309 689 1449 741; x_wconf 87' lang='lat' dir='ltr'><strong>(praef.</strong></span> 
     </span>
     <span class='ocr_line' id='line_1_12' title="bbox 163 753 1451 805; baseline -0.002 -12"><span class='ocrx_word' id='word_1_82' title='bbox 163 755 232 793; x_wconf 91' lang='lat' dir='ltr'><strong>int.</strong></span> <span class='ocrx_word' id='word_1_83' title='bbox 258 767 377 804; x_wconf 84' lang='lat' dir='ltr'><strong>germ.</strong></span> <span class='ocrx_word' id='word_1_84' title='bbox 407 768 445 805; x_wconf 91' lang='lat' dir='ltr'><strong>p.</strong></span> <span class='ocrx_word' id='word_1_85' title='bbox 475 756 525 792; x_wconf 83' lang='lat'><strong>36</strong></span> <span class='ocrx_word' id='word_1_86' title='bbox 544 778 597 783; x_wconf 95' lang='lat'><strong>—</strong></span> <span class='ocrx_word' id='word_1_87' title='bbox 617 754 713 803; x_wconf 59' lang='lat'><strong>44.)</strong></span> <span class='ocrx_word' id='word_1_88' title='bbox 743 753 853 797; x_wconf 86' lang='lat' dir='ltr'><strong>Quae</strong></span> <span class='ocrx_word' id='word_1_89' title='bbox 890 766 980 790; x_wconf 89' lang='lat' dir='ltr'><strong>cum</strong></span> <span class='ocrx_word' id='word_1_90' title='bbox 1017 753 1071 790; x_wconf 87' lang='lat' dir='ltr'><strong>ita</strong></span> <span class='ocrx_word' id='word_1_91' title='bbox 1098 753 1187 802; x_wconf 89' lang='lat' dir='ltr'><strong>sint,</strong></span> <span class='ocrx_word' id='word_1_92' title='bbox 1228 766 1308 791; x_wconf 91' lang='lat' dir='ltr'><strong>non</strong></span> <span class='ocrx_word' id='word_1_93' title='bbox 1337 754 1451 791; x_wconf 88' lang='lat' dir='ltr'><strong>aliter</strong></span> 
     </span>
     <span class='ocr_line' id='line_1_13' title="bbox 164 815 1450 868; baseline -0.002 -12"><span class='ocrx_word' id='word_1_94' title='bbox 164 818 249 856; x_wconf 83' lang='lat' dir='ltr'><strong>viro</strong></span> <span class='ocrx_word' id='word_1_95' title='bbox 293 817 506 855; x_wconf 85' lang='lat' dir='ltr'><strong>clarissimo</strong></span> <span class='ocrx_word' id='word_1_96' title='bbox 542 815 775 868; x_wconf 87' lang='lat' dir='ltr'><strong>persuadere</strong></span> <span class='ocrx_word' id='word_1_97' title='bbox 811 827 929 866; x_wconf 88' lang='lat' dir='ltr'><strong>posse</strong></span> <span class='ocrx_word' id='word_1_98' title='bbox 956 816 1105 864; x_wconf 82' lang='lat' dir='ltr'><strong>videor,</strong></span> <span class='ocrx_word' id='word_1_99' title='bbox 1132 828 1210 853; x_wconf 90' lang='lat' dir='ltr'><strong>non</strong></span> <span class='ocrx_word' id='word_1_100' title='bbox 1239 828 1262 852; x_wconf 91' lang='lat' dir='ltr'><strong>a</strong></span> <span class='ocrx_word' id='word_1_101' title='bbox 1291 815 1450 854; x_wconf 86' lang='lat' dir='ltr'><strong>Tibullo</strong></span> 
     </span>
     <span class='ocr_line' id='line_1_14' title="bbox 164 879 1451 933; baseline -0.002 -12"><span class='ocrx_word' id='word_1_102' title='bbox 164 894 248 921; x_wconf 88' lang='lat' dir='ltr'><strong>esse</strong></span> <span class='ocrx_word' id='word_1_103' title='bbox 279 882 465 933; x_wconf 84' lang='lat' dir='ltr'><strong>scriptum</strong></span> <span class='ocrx_word' id='word_1_104' title='bbox 500 883 571 920; x_wconf 90' lang='lat' dir='ltr'><strong>hoc</strong></span> <span class='ocrx_word' id='word_1_105' title='bbox 609 893 775 930; x_wconf 87' lang='lat' dir='ltr'><strong>carmen,</strong></span> <span class='ocrx_word' id='word_1_106' title='bbox 813 892 930 931; x_wconf 85' lang='lat' dir='ltr'><strong>quam</strong></span> <span class='ocrx_word' id='word_1_107' title='bbox 959 879 991 917; x_wconf 89' lang='lat' dir='ltr'><strong>si</strong></span> <span class='ocrx_word' id='word_1_108' title='bbox 1019 879 1156 918; x_wconf 89' lang='lat' dir='ltr'><strong>iisdem</strong></span> <span class='ocrx_word' id='word_1_109' title='bbox 1193 879 1311 931; x_wconf 76' lang='lat' dir='ltr'><strong>plane</strong></span> <span class='ocrx_word' id='word_1_110' title='bbox 1339 892 1451 931; x_wconf 87' lang='lat' dir='ltr'><strong>argu-</strong></span> 
     </span>
     <span class='ocr_line' id='line_1_15' title="bbox 165 943 1451 997; baseline -0.002 -13"><span class='ocrx_word' id='word_1_111' title='bbox 165 945 316 994; x_wconf 83' lang='lat' dir='ltr'><strong>mentis,</strong></span> <span class='ocrx_word' id='word_1_112' title='bbox 352 945 491 997; x_wconf 90' lang='lat' dir='ltr'><strong>quibus</strong></span> <span class='ocrx_word' id='word_1_113' title='bbox 527 945 595 983; x_wconf 89' lang='lat' dir='ltr'><strong>ille</strong></span> <span class='ocrx_word' id='word_1_114' title='bbox 629 957 723 982; x_wconf 89' lang='lat' dir='ltr'><strong>usus</strong></span> <span class='ocrx_word' id='word_1_115' title='bbox 764 947 824 982; x_wconf 90' lang='lat' dir='ltr'><strong>est</strong></span> <span class='ocrx_word' id='word_1_116' title='bbox 860 944 900 981; x_wconf 92' lang='lat' dir='ltr'><strong>in</strong></span> <span class='ocrx_word' id='word_1_117' title='bbox 935 945 1052 981; x_wconf 90' lang='lat' dir='ltr'><strong>tertio</strong></span> <span class='ocrx_word' id='word_1_118' title='bbox 1080 943 1178 981; x_wconf 90' lang='lat' dir='ltr'><strong>libro</strong></span> <span class='ocrx_word' id='word_1_119' title='bbox 1207 943 1451 994; x_wconf 86' lang='lat' dir='ltr'><strong>confutando,</strong></span> 
     </span>
     <span class='ocr_line' id='line_1_16' title="bbox 167 1007 1452 1060; baseline 0.001 -14"><span class='ocrx_word' id='word_1_120' title='bbox 167 1013 254 1047; x_wconf 87' lang='lat' dir='ltr'><strong>utor</strong></span> <span class='ocrx_word' id='word_1_121' title='bbox 284 1013 323 1048; x_wconf 90' lang='lat' dir='ltr'><strong>et</strong></span> <span class='ocrx_word' id='word_1_122' title='bbox 348 1010 430 1060; x_wconf 86' lang='lat' dir='ltr'><strong>ipse</strong></span> <span class='ocrx_word' id='word_1_123' title='bbox 458 1009 499 1047; x_wconf 93' lang='lat' dir='ltr'><strong>in</strong></span> <span class='ocrx_word' id='word_1_124' title='bbox 519 1008 717 1047; x_wconf 82' lang='lat' dir='ltr'><strong>Messalae</strong></span> <span class='ocrx_word' id='word_1_125' title='bbox 744 1008 981 1058; x_wconf 69' lang='lat' dir='ltr'><strong>panegyrico</strong></span> <span class='ocrx_word' id='word_1_126' title='bbox 1010 1020 1032 1045; x_wconf 93' lang='lat' dir='ltr'><strong>a</strong></span> <span class='ocrx_word' id='word_1_127' title='bbox 1052 1007 1208 1045; x_wconf 86' lang='lat' dir='ltr'><strong>Tibullo</strong></span> <span class='ocrx_word' id='word_1_128' title='bbox 1228 1008 1452 1047; x_wconf 88' lang='lat' dir='ltr'><strong>abiudican·</strong></span> 
     </span>
     <span class='ocr_line' id='line_1_17' title="bbox 169 1072 1453 1124; baseline 0 -14"><span class='ocrx_word' id='word_1_129' title='bbox 169 1072 229 1111; x_wconf 93' lang='lat' dir='ltr'><strong>do.</strong></span> <span class='ocrx_word' id='word_1_130' title='bbox 286 1073 421 1124; x_wconf 87' lang='lat' dir='ltr'><strong>Neque</strong></span> <span class='ocrx_word' id='word_1_131' title='bbox 449 1085 540 1111; x_wconf 82' lang='lat' dir='ltr'><strong>vero</strong></span> <span class='ocrx_word' id='word_1_132' title='bbox 569 1072 721 1123; x_wconf 87' lang='lat' dir='ltr'><strong>integra</strong></span> <span class='ocrx_word' id='word_1_133' title='bbox 748 1084 811 1109; x_wconf 90' lang='lat' dir='ltr'><strong>res</strong></span> <span class='ocrx_word' id='word_1_134' title='bbox 839 1075 917 1121; x_wconf 90' lang='lat' dir='ltr'><strong>est;</strong></span> <span class='ocrx_word' id='word_1_135' title='bbox 952 1075 1041 1109; x_wconf 88' lang='lat' dir='ltr'><strong>sunt</strong></span> <span class='ocrx_word' id='word_1_136' title='bbox 1068 1072 1170 1109; x_wconf 88' lang='lat' dir='ltr'><strong>enim</strong></span> <span class='ocrx_word' id='word_1_137' title='bbox 1197 1072 1274 1109; x_wconf 84' lang='lat' dir='ltr'><strong>iam</strong></span> <span class='ocrx_word' id='word_1_138' title='bbox 1302 1072 1453 1123; x_wconf 83' lang='lat' dir='ltr'><strong>prolata</strong></span> 
     </span>
     <span class='ocr_line' id='line_1_18' title="bbox 166 1136 1450 1186; baseline 0.001 -12"><span class='ocrx_word' id='word_1_139' title='bbox 166 1137 365 1186; x_wconf 88' lang='lat' dir='ltr'><strong>nonnulla,</strong></span> <span class='ocrx_word' id='word_1_140' title='bbox 409 1140 454 1174; x_wconf 89' lang='lat' dir='ltr'><strong>ut</strong></span> <span class='ocrx_word' id='word_1_141' title='bbox 492 1137 633 1174; x_wconf 86' lang='lat' dir='ltr'><strong>divisio</strong></span> <span class='ocrx_word' id='word_1_142' title='bbox 676 1149 805 1174; x_wconf 92' lang='lat' dir='ltr'><strong>rerum</strong></span> <span class='ocrx_word' id='word_1_143' title='bbox 840 1136 1017 1185; x_wconf 79' lang='lat' dir='ltr'><strong>molesta,</strong></span> <span class='ocrx_word' id='word_1_144' title='bbox 1051 1148 1148 1186; x_wconf 84' lang='lat' dir='ltr'><strong>quae</strong></span> <span class='ocrx_word' id='word_1_145' title='bbox 1177 1136 1450 1175; x_wconf 75' lang='lat' dir='ltr'><strong>declamationi</strong></span> 
     </span>
     <span class='ocr_line' id='line_1_19' title="bbox 167 1199 1455 1254; baseline 0.001 -17"><span class='ocrx_word' id='word_1_146' title='bbox 167 1200 292 1250; x_wconf 83' lang='lat' dir='ltr'><strong>magis</strong></span> <span class='ocrx_word' id='word_1_147' title='bbox 336 1200 537 1254; x_wconf 82' lang='lat' dir='ltr'><strong>conveniat</strong></span> <span class='ocrx_word' id='word_1_148' title='bbox 579 1211 693 1250; x_wconf 86' lang='lat' dir='ltr'><strong>quam</strong></span> <span class='ocrx_word' id='word_1_149' title='bbox 735 1199 915 1248; x_wconf 73' lang='lat' dir='ltr'><strong>calmini3</strong></span> <span class='ocrx_word' id='word_1_150' title='bbox 957 1199 1142 1237; x_wconf 86' lang='lat' dir='ltr'><strong>orationis</strong></span> <span class='ocrx_word' id='word_1_151' title='bbox 1184 1200 1455 1251; x_wconf 87' lang='lat' dir='ltr'><strong>inaequalitas,</strong></span> 
     </span>
     <span class='ocr_line' id='line_1_20' title="bbox 166 1264 1452 1317; baseline 0 -14"><span class='ocrx_word' id='word_1_152' title='bbox 166 1265 307 1317; x_wconf 90' lang='lat' dir='ltr'><strong>quippe</strong></span> <span class='ocrx_word' id='word_1_153' title='bbox 351 1277 448 1315; x_wconf 86' lang='lat' dir='ltr'><strong>quae</strong></span> <span class='ocrx_word' id='word_1_154' title='bbox 490 1277 593 1305; x_wconf 86' lang='lat' dir='ltr'><strong>nunc</strong></span> <span class='ocrx_word' id='word_1_155' title='bbox 630 1264 765 1302; x_wconf 89' lang='lat' dir='ltr'><strong>inflata</strong></span> <span class='ocrx_word' id='word_1_156' title='bbox 807 1267 1000 1313; x_wconf 81' lang='lat' dir='ltr'><strong>assurgat,</strong></span> <span class='ocrx_word' id='word_1_157' title='bbox 1031 1276 1135 1302; x_wconf 90' lang='lat' dir='ltr'><strong>nunc</strong></span> <span class='ocrx_word' id='word_1_158' title='bbox 1165 1267 1296 1315; x_wconf 84' lang='lat' dir='ltr'><strong>serpat</strong></span> <span class='ocrx_word' id='word_1_159' title='bbox 1324 1264 1452 1315; x_wconf 87' lang='lat' dir='ltr'><strong>humi;</strong></span> 
     </span>
     <span class='ocr_line' id='line_1_21' title="bbox 165 1327 1452 1379; baseline -0.001 -12"><span class='ocrx_word' id='word_1_160' title='bbox 165 1329 361 1367; x_wconf 88' lang='lat' dir='ltr'><strong>doctrinae</strong></span> <span class='ocrx_word' id='word_1_161' title='bbox 390 1328 582 1366; x_wconf 85' lang='lat' dir='ltr'><strong>affectatio</strong></span> <span class='ocrx_word' id='word_1_162' title='bbox 601 1328 751 1379; x_wconf 81' lang='lat' dir='ltr'><strong>inepta3</strong></span> <span class='ocrx_word' id='word_1_163' title='bbox 780 1327 945 1378; x_wconf 88' lang='lat' dir='ltr'><strong>denique</strong></span> <span class='ocrx_word' id='word_1_164' title='bbox 973 1328 1092 1365; x_wconf 87' lang='lat' dir='ltr'><strong>animi</strong></span> <span class='ocrx_word' id='word_1_165' title='bbox 1112 1328 1312 1367; x_wconf 88' lang='lat' dir='ltr'><strong>humilitas</strong></span> <span class='ocrx_word' id='word_1_166' title='bbox 1334 1332 1452 1378; x_wconf 86' lang='lat' dir='ltr'><strong>tanta,</strong></span> 
     </span>
     <span class='ocr_line' id='line_1_22' title="bbox 163 1391 1451 1444; baseline 0.001 -14"><span class='ocrx_word' id='word_1_167' title='bbox 163 1396 206 1431; x_wconf 90' lang='lat' dir='ltr'><strong>ut</strong></span> <span class='ocrx_word' id='word_1_168' title='bbox 224 1394 421 1444; x_wconf 83' lang='lat' dir='ltr'><strong>exemplar</strong></span> <span class='ocrx_word' id='word_1_169' title='bbox 440 1391 645 1430; x_wconf 86' lang='lat' dir='ltr'><strong>adulatorii</strong></span> <span class='ocrx_word' id='word_1_170' title='bbox 673 1392 870 1430; x_wconf 83' lang='lat' dir='ltr'><strong>dedecoris</strong></span> <span class='ocrx_word' id='word_1_171' title='bbox 899 1391 1097 1430; x_wconf 71' lang='lat' dir='ltr'><strong>interdum</strong></span> <span class='ocrx_word' id='word_1_172' title='bbox 1125 1392 1249 1443; x_wconf 84' lang='lat' dir='ltr'><strong>possit</strong></span> <span class='ocrx_word' id='word_1_173' title='bbox 1275 1392 1360 1432; x_wconf 91' lang='lat' dir='ltr'><strong>iure</strong></span> <span class='ocrx_word' id='word_1_174' title='bbox 1387 1405 1451 1431; x_wconf 82' lang='lat' dir='ltr'><strong>vo·</strong></span> 
     </span>
     <span class='ocr_line' id='line_1_23' title="bbox 165 1456 1454 1507; baseline -0.001 -12"><span class='ocrx_word' id='word_1_175' title='bbox 165 1458 258 1507; x_wconf 78' lang='lat' dir='ltr'><strong>cari.</strong></span> <span class='ocrx_word' id='word_1_176' title='bbox 315 1457 424 1502; x_wconf 87' lang='lat' dir='ltr'><strong>Quae</strong></span> <span class='ocrx_word' id='word_1_177' title='bbox 467 1470 553 1495; x_wconf 89' lang='lat' dir='ltr'><strong>cum</strong></span> <span class='ocrx_word' id='word_1_178' title='bbox 593 1457 724 1495; x_wconf 89' lang='lat' dir='ltr'><strong>omnia</strong></span> <span class='ocrx_word' id='word_1_179' title='bbox 765 1457 843 1495; x_wconf 90' lang='lat' dir='ltr'><strong>iam</strong></span> <span class='ocrx_word' id='word_1_180' title='bbox 870 1457 1016 1494; x_wconf 83' lang='lat' dir='ltr'><strong>frustra</strong></span> <span class='ocrx_word' id='word_1_181' title='bbox 1045 1457 1121 1495; x_wconf 90' lang='lat' dir='ltr'><strong>sint</strong></span> <span class='ocrx_word' id='word_1_182' title='bbox 1150 1456 1338 1506; x_wconf 88' lang='lat' dir='ltr'><strong>adhibita,</strong></span> <span class='ocrx_word' id='word_1_183' title='bbox 1378 1456 1454 1495; x_wconf 89' lang='lat' dir='ltr'><strong>duo</strong></span> 
     </span>
     <span class='ocr_line' id='line_1_24' title="bbox 163 1521 1453 1572; baseline 0 -12"><span class='ocrx_word' id='word_1_184' title='bbox 163 1522 301 1560; x_wconf 81' lang='lat' dir='ltr'><strong>relicta</strong></span> <span class='ocrx_word' id='word_1_185' title='bbox 339 1535 423 1560; x_wconf 85' lang='lat' dir='ltr'><strong>esse</strong></span> <span class='ocrx_word' id='word_1_186' title='bbox 460 1521 577 1559; x_wconf 85' lang='lat' dir='ltr'><strong>video</strong></span> <span class='ocrx_word' id='word_1_187' title='bbox 606 1521 954 1570; x_wconf 78' lang='lat' dir='ltr'><strong>argumentationis</strong></span> <span class='ocrx_word' id='word_1_188' title='bbox 996 1534 1150 1570; x_wconf 69' lang='lat' dir='ltr'><strong>genera,</strong></span> <span class='ocrx_word' id='word_1_189' title='bbox 1189 1521 1326 1572; x_wconf 91' lang='lat' dir='ltr'><strong>quibus</strong></span> <span class='ocrx_word' id='word_1_190' title='bbox 1368 1521 1453 1572; x_wconf 85' lang='lat' dir='ltr'><strong>ipse</strong></span> 
     </span>
     <span class='ocr_line' id='line_1_25' title="bbox 163 1585 1452 1637; baseline 0 -14"><span class='ocrx_word' id='word_1_191' title='bbox 163 1585 333 1623; x_wconf 90' lang='lat' dir='ltr'><strong>tribuere</strong></span> <span class='ocrx_word' id='word_1_192' title='bbox 348 1585 558 1637; x_wconf 87' lang='lat' dir='ltr'><strong>plurimum</strong></span> <span class='ocrx_word' id='word_1_193' title='bbox 580 1585 699 1633; x_wconf 87' lang='lat' dir='ltr'><strong>soleo,</strong></span> <span class='ocrx_word' id='word_1_194' title='bbox 719 1585 806 1622; x_wconf 87' lang='lat' dir='ltr'><strong>dic-o</strong></span> <span class='ocrx_word' id='word_1_195' title='bbox 828 1585 1204 1635; x_wconf 86' lang='lat' dir='ltr'><strong>argumentationem</strong></span> <span class='ocrx_word' id='word_1_196' title='bbox 1223 1597 1244 1623; x_wconf 88' lang='lat' dir='ltr'><strong>e</strong></span> <span class='ocrx_word' id='word_1_197' title='bbox 1264 1598 1306 1623; x_wconf 88' lang='lat' dir='ltr'><strong>re</strong></span> <span class='ocrx_word' id='word_1_198' title='bbox 1326 1597 1452 1635; x_wconf 77' lang='lat' dir='ltr'><strong>gram-</strong></span> 
     </span>
     <span class='ocr_line' id='line_1_26' title="bbox 162 1649 1452 1700; baseline 0 -13"><span class='ocrx_word' id='word_1_199' title='bbox 162 1649 307 1687; x_wconf 88' lang='lat' dir='ltr'><strong>matica</strong></span> <span class='ocrx_word' id='word_1_200' title='bbox 344 1653 382 1687; x_wconf 89' lang='lat' dir='ltr'><strong>et</strong></span> <span class='ocrx_word' id='word_1_201' title='bbox 410 1662 431 1687; x_wconf 91' lang='lat' dir='ltr'><strong>e</strong></span> <span class='ocrx_word' id='word_1_202' title='bbox 459 1662 502 1688; x_wconf 88' lang='lat' dir='ltr'><strong>re</strong></span> <span class='ocrx_word' id='word_1_203' title='bbox 530 1649 690 1697; x_wconf 84' lang='lat' dir='ltr'><strong>metrica</strong></span> <span class='ocrx_word' id='word_1_204' title='bbox 717 1650 892 1700; x_wconf 83' lang='lat' dir='ltr'><strong>petitam,</strong></span> <span class='ocrx_word' id='word_1_205' title='bbox 935 1650 1072 1700; x_wconf 86' lang='lat' dir='ltr'><strong>quibus</strong></span> <span class='ocrx_word' id='word_1_206' title='bbox 1101 1649 1238 1687; x_wconf 85' lang='lat' dir='ltr'><strong>iisdem</strong></span> <span class='ocrx_word' id='word_1_207' title='bbox 1265 1650 1306 1687; x_wconf 92' lang='lat' dir='ltr'><strong>in</strong></span> <span class='ocrx_word' id='word_1_208' title='bbox 1335 1649 1452 1687; x_wconf 89' lang='lat' dir='ltr'><strong>tertio</strong></span> 
     </span>
     <span class='ocr_line' id='line_1_27' title="bbox 160 1711 1451 1763; baseline -0.001 -12"><span class='ocrx_word' id='word_1_209' title='bbox 160 1713 261 1751; x_wconf 80' lang='lat' dir='ltr'><strong>libro</strong></span> <span class='ocrx_word' id='word_1_210' title='bbox 303 1713 518 1751; x_wconf 85' lang='lat' dir='ltr'><strong>rectissime</strong></span> <span class='ocrx_word' id='word_1_211' title='bbox 548 1724 641 1750; x_wconf 87' lang='lat' dir='ltr'><strong>usus</strong></span> <span class='ocrx_word' id='word_1_212' title='bbox 671 1715 730 1750; x_wconf 90' lang='lat' dir='ltr'><strong>est</strong></span> <span class='ocrx_word' id='word_1_213' title='bbox 758 1711 973 1750; x_wconf 86' lang='lat' dir='ltr'><strong>Teuffelius</strong></span> <span class='ocrx_word' id='word_1_214' title='bbox 1008 1713 1066 1763; x_wconf 89' lang='lat' dir='ltr'><strong>(p.</strong></span> <span class='ocrx_word' id='word_1_215' title='bbox 1096 1713 1146 1751; x_wconf 84' lang='lat'><strong>43</strong></span> <span class='ocrx_word' id='word_1_216' title='bbox 1178 1711 1266 1763; x_wconf 88' lang='lat' dir='ltr'><strong>sq.).</strong></span> <span class='ocrx_word' id='word_1_217' title='bbox 1324 1711 1377 1750; x_wconf 88' lang='lat' dir='ltr'><strong>Et</strong></span> <span class='ocrx_word' id='word_1_218' title='bbox 1404 1725 1451 1750; x_wconf 88' lang='lat' dir='ltr'><strong>ea</strong></span> 
     </span>
     <span class='ocr_line' id='line_1_28' title="bbox 163 1777 1451 1828; baseline 0.001 -13"><span class='ocrx_word' id='word_1_219' title='bbox 163 1777 318 1828; x_wconf 89' lang='lat' dir='ltr'><strong>quidem</strong></span> <span class='ocrx_word' id='word_1_220' title='bbox 346 1790 445 1828; x_wconf 90' lang='lat' dir='ltr'><strong>quae</strong></span> <span class='ocrx_word' id='word_1_221' title='bbox 472 1777 513 1814; x_wconf 91' lang='lat' dir='ltr'><strong>in</strong></span> <span class='ocrx_word' id='word_1_222' title='bbox 540 1777 719 1815; x_wconf 78' lang='lat' dir='ltr'><strong>versibus</strong></span> <span class='ocrx_word' id='word_1_223' title='bbox 750 1777 960 1815; x_wconf 86' lang='lat' dir='ltr'><strong>condendis</strong></span> <span class='ocrx_word' id='word_1_224' title='bbox 996 1777 1114 1815; x_wconf 89' lang='lat' dir='ltr'><strong>habet</strong></span> <span class='ocrx_word' id='word_1_225' title='bbox 1149 1777 1302 1828; x_wconf 87' lang='lat' dir='ltr'><strong>propria</strong></span> <span class='ocrx_word' id='word_1_226' title='bbox 1335 1790 1451 1828; x_wconf 89' lang='lat' dir='ltr'><strong>pane-</strong></span> 
     </span>
     <span class='ocr_line' id='line_1_29' title="bbox 162 1840 1449 1895; baseline 0.001 -17"><span class='ocrx_word' id='word_1_227' title='bbox 162 1841 285 1893; x_wconf 81' lang='lat' dir='ltr'><strong>gyrici</strong></span> <span class='ocrx_word' id='word_1_228' title='bbox 304 1841 472 1891; x_wconf 86' lang='lat' dir='ltr'><strong>scriptor</strong></span> <span class='ocrx_word' id='word_1_229' title='bbox 491 1841 569 1878; x_wconf 87' lang='lat' dir='ltr'><strong>iam</strong></span> <span class='ocrx_word' id='word_1_230' title='bbox 589 1841 637 1879; x_wconf 90' lang='lat' dir='ltr'><strong>L.</strong></span> <span class='ocrx_word' id='word_1_231' title='bbox 657 1841 872 1895; x_wconf 77' lang='lat' dir='ltr'><strong>Muellerus</strong></span> <span class='ocrx_word' id='word_1_232' title='bbox 890 1853 979 1879; x_wconf 91' lang='lat' dir='ltr'><strong>cum</strong></span> <span class='ocrx_word' id='word_1_233' title='bbox 1008 1854 1098 1879; x_wconf 82' lang='lat' dir='ltr'><strong>cura</strong></span> <span class='ocrx_word' id='word_1_234' title='bbox 1118 1840 1291 1878; x_wconf 86' lang='lat' dir='ltr'><strong>enotavit</strong></span> <span class='ocrx_word' id='word_1_235' title='bbox 1309 1840 1449 1891; x_wconf 81' lang='lat' dir='ltr'><strong>(praef.</strong></span> 
     </span>
     <span class='ocr_line' id='line_1_30' title="bbox 161 1903 1449 1956; baseline -0.001 -13"><span class='ocrx_word' id='word_1_236' title='bbox 161 1917 197 1956; x_wconf 93' lang='lat' dir='ltr'><strong>p.</strong></span> <span class='ocrx_word' id='word_1_237' title='bbox 227 1905 278 1943; x_wconf 82' lang='lat'><strong>28</strong></span> <span class='ocrx_word' id='word_1_238' title='bbox 307 1905 397 1956; x_wconf 89' lang='lat' dir='ltr'><strong>sq.);</strong></span> <span class='ocrx_word' id='word_1_239' title='bbox 432 1904 473 1942; x_wconf 91' lang='lat' dir='ltr'><strong>in</strong></span> <span class='ocrx_word' id='word_1_240' title='bbox 506 1917 550 1943; x_wconf 87' lang='lat' dir='ltr'><strong>re</strong></span> <span class='ocrx_word' id='word_1_241' title='bbox 592 1905 841 1954; x_wconf 86' lang='lat' dir='ltr'><strong>grammatica</strong></span> <span class='ocrx_word' id='word_1_242' title='bbox 883 1912 976 1944; x_wconf 84' lang='lat' dir='ltr'><strong>v&#39;ero</strong></span> <span class='ocrx_word' id='word_1_243' title='bbox 1013 1905 1051 1943; x_wconf 91' lang='lat' dir='ltr'><strong>id</strong></span> <span class='ocrx_word' id='word_1_244' title='bbox 1091 1905 1219 1956; x_wconf 89' lang='lat' dir='ltr'><strong>ipsum</strong></span> <span class='ocrx_word' id='word_1_245' title='bbox 1256 1903 1449 1943; x_wconf 89' lang='lat' dir='ltr'><strong>adhibebo</strong></span> 
     </span>
     <span class='ocr_line' id='line_1_31' title="bbox 162 1969 1449 2021; baseline -0.001 -13"><span class='ocrx_word' id='word_1_246' title='bbox 162 1982 238 2021; x_wconf 93' lang='lat' dir='ltr'><strong>quo</strong></span> <span class='ocrx_word' id='word_1_247' title='bbox 263 1969 471 2021; x_wconf 87' lang='lat' dir='ltr'><strong>praecipue</strong></span> <span class='ocrx_word' id='word_1_248' title='bbox 499 1970 561 2008; x_wconf 89' lang='lat' dir='ltr'><strong>usi</strong></span> <span class='ocrx_word' id='word_1_249' title='bbox 589 1973 677 2008; x_wconf 88' lang='lat' dir='ltr'><strong>sunt</strong></span> <span class='ocrx_word' id='word_1_250' title='bbox 704 1970 745 2008; x_wconf 93' lang='lat' dir='ltr'><strong>in</strong></span> <span class='ocrx_word' id='word_1_251' title='bbox 771 1970 869 2008; x_wconf 89' lang='lat' dir='ltr'><strong>libro</strong></span> <span class='ocrx_word' id='word_1_252' title='bbox 899 1970 1014 2008; x_wconf 86' lang='lat' dir='ltr'><strong>tertio</strong></span> <span class='ocrx_word' id='word_1_253' title='bbox 1042 1970 1315 2008; x_wconf 87' lang='lat' dir='ltr'><strong>Lachmannus</strong></span> <span class='ocrx_word' id='word_1_254' title='bbox 1344 1981 1449 2008; x_wconf 88' lang='lat' dir='ltr'><strong>eum-</strong></span> 
     </span>
     <span class='ocr_line' id='line_1_32' title="bbox 160 2032 1446 2086; baseline 0 -14"><span class='ocrx_word' id='word_1_255' title='bbox 160 2045 237 2085; x_wconf 92' lang='lat' dir='ltr'><strong>que</strong></span> <span class='ocrx_word' id='word_1_256' title='bbox 273 2033 399 2072; x_wconf 87' lang='lat' dir='ltr'><strong>secuti</strong></span> <span class='ocrx_word' id='word_1_257' title='bbox 426 2032 614 2072; x_wconf 85' lang='lat' dir='ltr'><strong>Dissenus</strong></span> <span class='ocrx_word' id='word_1_258' title='bbox 656 2038 772 2085; x_wconf 86' lang='lat' dir='ltr'><strong>atque</strong></span> <span class='ocrx_word' id='word_1_259' title='bbox 801 2033 1028 2084; x_wconf 83' lang='lat' dir='ltr'><strong>Teuffelius,</strong></span> <span class='ocrx_word' id='word_1_260' title='bbox 1059 2034 1207 2073; x_wconf 88' lang='lat' dir='ltr'><strong>scilicet</strong></span> <span class='ocrx_word' id='word_1_261' title='bbox 1234 2033 1446 2086; x_wconf 82' lang='lat' dir='ltr'><strong>particula-</strong></span> 
     </span>
     <span class='ocr_line' id='line_1_33' title="bbox 160 2097 1449 2150; baseline 0.001 -15"><span class='ocrx_word' id='word_1_262' title='bbox 160 2109 244 2135; x_wconf 87' lang='lat' dir='ltr'><strong>rum</strong></span> <span class='ocrx_word' id='word_1_263' title='bbox 286 2097 609 2135; x_wconf 87' lang='lat' dir='ltr'><strong>observationem.</strong></span> <span class='ocrx_word' id='word_1_264' title='bbox 667 2098 795 2149; x_wconf 89' lang='lat' dir='ltr'><strong>Atque</strong></span> <span class='ocrx_word' id='word_1_265' title='bbox 822 2099 862 2136; x_wconf 94' lang='lat' dir='ltr'><strong>in</strong></span> <span class='ocrx_word' id='word_1_266' title='bbox 890 2099 962 2136; x_wconf 87' lang='lat' dir='ltr'><strong>hac</strong></span> <span class='ocrx_word' id='word_1_267' title='bbox 990 2099 1219 2150; x_wconf 84' lang='lat' dir='ltr'><strong>quaestione</strong></span> <span class='ocrx_word' id='word_1_268' title='bbox 1261 2097 1359 2136; x_wconf 89' lang='lat' dir='ltr'><strong>illud</strong></span> <span class='ocrx_word' id='word_1_269' title='bbox 1386 2098 1449 2136; x_wconf 83' lang='lat' dir='ltr'><strong>vel</strong></span> 
     </span>
     <span class='ocr_line' id='line_1_34' title="bbox 159 2161 1449 2216; baseline 0.002 -16"><span class='ocrx_word' id='word_1_270' title='bbox 159 2161 329 2201; x_wconf 85' lang='lat' dir='ltr'><strong>maxime</strong></span> <span class='ocrx_word' id='word_1_271' title='bbox 371 2162 637 2212; x_wconf 86' lang='lat' dir='ltr'><strong>memorabile,</strong></span> <span class='ocrx_word' id='word_1_272' title='bbox 678 2176 790 2202; x_wconf 90' lang='lat' dir='ltr'><strong>usum</strong></span> <span class='ocrx_word' id='word_1_273' title='bbox 831 2175 918 2202; x_wconf 88' lang='lat' dir='ltr'><strong>esse</strong></span> <span class='ocrx_word' id='word_1_274' title='bbox 958 2163 1185 2216; x_wconf 84' lang='lat' dir='ltr'><strong>panegyrici</strong></span> <span class='ocrx_word' id='word_1_275' title='bbox 1225 2163 1449 2215; x_wconf 89' lang='lat' dir='ltr'><strong>scriptorem</strong></span> 
     </span>
     <span class='ocr_line' id='line_1_35' title="bbox 160 2227 1449 2280; baseline 0.002 -16"><span class='ocrx_word' id='word_1_276' title='bbox 160 2227 350 2278; x_wconf 85' lang='lat' dir='ltr'><strong>particula</strong></span> <span class='ocrx_word' id='word_1_277' title='bbox 378 2239 495 2278; x_wconf 88' lang='lat' dir='ltr'><strong>ergo</strong></span> <span class='ocrx_word' id='word_1_278' title='bbox 524 2240 562 2265; x_wconf 85' lang='lat' dir='ltr'><strong>v.</strong></span> <span class='ocrx_word' id='word_1_279' title='bbox 587 2228 660 2265; x_wconf 79' lang='lat'><strong>175</strong></span> <span class='ocrx_word' id='word_1_280' title='bbox 689 2240 778 2278; x_wconf 87' lang='lat' dir='ltr'><strong>ergo</strong></span> <span class='ocrx_word' id='word_1_281' title='bbox 806 2228 874 2266; x_wconf 83' lang='lat' dir='ltr'><strong>ubi</strong></span> <span class='ocrx_word' id='word_1_282' title='bbox 901 2229 1128 2280; x_wconf 78' lang='lat' dir='ltr'><strong>praeclaros</strong></span> <span class='ocrx_word' id='word_1_283' title='bbox 1147 2229 1265 2267; x_wconf 82' lang='lat' dir='ltr'><strong>ierint</strong></span> <span class='ocrx_word' id='word_1_284' title='bbox 1283 2232 1350 2266; x_wconf 87' lang='lat' dir='ltr'><strong>tua</strong></span> <span class='ocrx_word' id='word_1_285' title='bbox 1369 2228 1449 2266; x_wconf 79' lang='lat' dir='ltr'><strong>fata</strong></span> 
     </span>
     <span class='ocr_line' id='line_1_36' title="bbox 159 2290 1449 2345; baseline 0.002 -16"><span class='ocrx_word' id='word_1_286' title='bbox 159 2290 387 2343; x_wconf 86' lang='lat' dir='ltr'><strong>triumphos.</strong></span> <span class='ocrx_word' id='word_1_287' title='bbox 444 2290 657 2331; x_wconf 86' lang='lat' dir='ltr'><strong>Teuffelius</strong></span> <span class='ocrx_word' id='word_1_288' title='bbox 686 2292 808 2344; x_wconf 89' lang='lat' dir='ltr'><strong>praef.</strong></span> <span class='ocrx_word' id='word_1_289' title='bbox 837 2306 872 2345; x_wconf 91' lang='lat' dir='ltr'><strong>p.</strong></span> <span class='ocrx_word' id='word_1_290' title='bbox 895 2292 966 2332; x_wconf 87' lang='lat'><strong>43:</strong></span> <span class='ocrx_word' id='word_1_291' title='bbox 993 2293 1216 2345; x_wconf 87' lang='lat' dir='ltr'><strong>prosaische</strong></span> <span class='ocrx_word' id='word_1_292' title='bbox 1244 2291 1449 2331; x_wconf 87' lang='lat' dir='ltr'><strong>Partikeln</strong></span> 
     </span>
     <span class='ocr_line' id='line_1_37' title="bbox 159 2355 1448 2406; baseline 0.002 -14"><span class='ocrx_word' id='word_1_293' title='bbox 159 2355 235 2393; x_wconf 81' lang='lat' dir='ltr'><strong>wie</strong></span> <span class='ocrx_word' id='word_1_294' title='bbox 262 2358 393 2393; x_wconf 88' lang='lat' dir='ltr'><strong>autem</strong></span> <span class='ocrx_word' id='word_1_295' title='bbox 420 2355 719 2406; x_wconf 85' lang='lat' dir='ltr'><strong>(andererseits),</strong></span> <span class='ocrx_word' id='word_1_296' title='bbox 761 2368 889 2406; x_wconf 86' lang='lat' dir='ltr'><strong>ergo,</strong></span> <span class='ocrx_word' id='word_1_297' title='bbox 932 2357 1076 2394; x_wconf 86' lang='lat' dir='ltr'><strong>etenim</strong></span> <span class='ocrx_word' id='word_1_298' title='bbox 1121 2356 1294 2394; x_wconf 84' lang='lat' dir='ltr'><strong>finden</strong></span> <span class='ocrx_word' id='word_1_299' title='bbox 1339 2357 1448 2395; x_wconf 84' lang='lat' dir='ltr'><strong>sich</strong></span> 
     </span>
     <span class='ocr_line' id='line_1_38' title="bbox 107 2416 1446 2470; baseline 0.002 -14"><span class='ocrx_word' id='word_1_300' title='bbox 107 2417 109 2420; x_wconf 80' lang='grc'><strong>’</strong></span> <span class='ocrx_word' id='word_1_301' title='bbox 158 2416 243 2456; x_wconf 87' lang='lat' dir='ltr'><strong>bei</strong></span> <span class='ocrx_word' id='word_1_302' title='bbox 285 2417 461 2457; x_wconf 93' lang='lat' dir='ltr'><strong>Tibull</strong></span> <span class='ocrx_word' id='word_1_303' title='bbox 501 2419 655 2470; x_wconf 86' lang='lat' dir='ltr'><strong>nicht,</strong></span> <span class='ocrx_word' id='word_1_304' title='bbox 697 2420 802 2459; x_wconf 84' lang='lat' dir='ltr'><strong>wohl</strong></span> <span class='ocrx_word' id='word_1_305' title='bbox 838 2419 932 2459; x_wconf 87' lang='lat' dir='ltr'><strong>aber</strong></span> <span class='ocrx_word' id='word_1_306' title='bbox 959 2420 1188 2460; x_wconf 87' lang='lat' dir='ltr'><strong>wiederholt</strong></span> <span class='ocrx_word' id='word_1_307' title='bbox 1217 2419 1271 2458; x_wconf 94' lang='lat' dir='ltr'><strong>im</strong></span> <span class='ocrx_word' id='word_1_308' title='bbox 1302 2420 1446 2459; x_wconf 87' lang='lat' dir='ltr'><strong>dritten</strong></span> 
     </span>
     <span class='ocr_line' id='line_1_39' title="bbox 158 2481 1447 2536; baseline 0.002 -15"><span class='ocrx_word' id='word_1_309' title='bbox 158 2481 293 2521; x_wconf 86' lang='lat' dir='ltr'><strong>Buche</strong></span> <span class='ocrx_word' id='word_1_310' title='bbox 319 2506 372 2513; x_wconf 93' lang='lat'>—</span> <span class='ocrx_word' id='word_1_311' title='bbox 400 2507 453 2513; x_wconf 85' lang='lat'><strong>—-</strong></span> <span class='ocrx_word' id='word_1_312' title='bbox 473 2508 524 2514; x_wconf 84' lang='lat'><strong>-—</strong></span> <span class='ocrx_word' id='word_1_313' title='bbox 550 2484 810 2535; x_wconf 82' lang='lat' dir='ltr'><strong>Eigenheiten</strong></span> <span class='ocrx_word' id='word_1_314' title='bbox 836 2485 998 2534; x_wconf 82' lang='lat' dir='ltr'><strong>welche,</strong></span> <span class='ocrx_word' id='word_1_315' title='bbox 1022 2486 1064 2536; x_wconf 91' lang='lat' dir='ltr'><strong>je</strong></span> <span class='ocrx_word' id='word_1_316' title='bbox 1092 2485 1363 2524; x_wconf 83' lang='lat' dir='ltr'><strong>unbewusster</strong></span> <span class='ocrx_word' id='word_1_317' title='bbox 1389 2485 1447 2523; x_wconf 83' lang='lat' dir='ltr'><strong>sie</strong></span> 
     </span>
     <span class='ocr_line' id='line_1_40' title="bbox 159 2545 1448 2601; baseline 0.006 -17"><span class='ocrx_word' id='word_1_318' title='bbox 159 2545 474 2597; x_wconf 79' lang='lat' dir='ltr'><strong>hervorzutreten</strong></span> <span class='ocrx_word' id='word_1_319' title='bbox 505 2549 668 2601; x_wconf 86' lang='lat' dir='ltr'><strong>pflegen,</strong></span> <span class='ocrx_word' id='word_1_320' title='bbox 711 2561 787 2588; x_wconf 91' lang='lat' dir='ltr'><strong>um</strong></span> <span class='ocrx_word' id='word_1_321' title='bbox 828 2563 880 2590; x_wconf 83' lang='lat' dir='ltr'><strong>so</strong></span> <span class='ocrx_word' id='word_1_322' title='bbox 925 2551 1059 2590; x_wconf 91' lang='lat' dir='ltr'><strong>mehr</strong></span> <span class='ocrx_word' id='word_1_323' title='bbox 1094 2550 1448 2594; x_wconf 79' lang='lat' dir='ltr'><strong>Beweiskraft</strong></span> 
     </span>
    </p>
   </div>
  </div>
 </body>
</html>
