1655 2659
666 86 721 96 .-
774 58 801 103 4
855 84 909 93 ...-

139 189 218 232 qua
247 180 379 220 omnia
408 180 575 220 collecta
596 183 695 219 'sunt
723 180 934 230 vocabula,
971 192 1073 232 quae
1101 182 1170 219 aut
1197 179 1302 233 apud
1333 179 1436 220 solos

138 256 309 295 eroticos
346 259 413 294 aut
442 260 544 295 certe
572 268 650 294 non
677 256 753 295 nisi
780 255 885 307 apud
912 255 1071 294 ultimos
1099 256 1311 308 scriptores
1343 256 1435 294 lati-

137 344 207 370 nos
236 332 432 382 leguntur.
487 330 548 370 Ac
576 344 661 369 cum
690 334 730 369 et
757 331 853 369 mihi
883 334 990 369 esset
1015 342 1256 382 persuasum,
1284 330 1432 382 Zange-

137 407 364 446 meisterum
391 405 487 457 quid
515 405 795 457 praestandum
823 408 929 443 esset
947 405 984 443 ei
1002 404 1070 456 qui
1097 404 1263 443 similem
1291 408 1434 443 tracta-

138 486 201 521 ret
227 483 435 521 materiam
471 481 670 520 luculento
711 480 891 532 exemplo
928 479 1227 539 demonstrasse,
1263 479 1432 519 eundem

138 570 214 609 quo
233 570 326 596 usus
354 558 423 596 ille
452 557 641 608 ordinem,
669 557 797 609 quoad
815 569 886 609 per
912 557 1146 609 scriptorum
1166 556 1431 596 diversitatem
1471 560 1473 562 ’

138 633 224 672 fieri
265 634 400 683 licuit,
444 634 485 672 in
544 633 772 685 digerendis
812 633 1011 672 vocabulis
1054 633 1225 683 servavi3
1254 636 1430 671 ceterum

138 720 226 746 cum
262 709 448 759 temporis
490 709 698 758 augustiae
739 721 802 747 me
844 712 1068 759 premerent
1102 709 1229 746 minus
1255 708 1431 747 laboravi

135 783 176 820 in
218 783 384 833 singulis
411 783 570 821 vocibus
613 782 815 820 doctrinae
857 782 981 833 copiis
1022 782 1264 821 illustrandis
1279 812 1291 832 ,
1332 794 1431 833 quae

134 857 269 909 utique
295 856 520 896 necessaria
547 859 660 895 erant
688 858 897 895 contentus
928 855 1138 896 addidisse.
1168 880 1220 886 —
1266 854 1314 894 In
1341 855 1427 894 lau-

136 931 276 971 dandis
306 932 539 970 ereticorum
558 932 738 971 versibus
766 932 814 970 L.
834 930 1031 983 Muelleri,
1059 935 1103 971 ut
1129 945 1199 983 par
1226 934 1322 981 erat,
1349 930 1429 969 edi-

134 1007 280 1046 tionem
307 1010 464 1046 secutus
492 1019 589 1047 sum.
622 1030 675 1036 -—

266 1081 292 1120 J
294 1094 357 1120 am
395 1085 604 1132 antequam
646 1081 696 1120 ad
737 1081 860 1133 ipsius
886 1081 945 1119 rei
971 1081 1240 1120 tractationem
1266 1093 1429 1132 progre-

134 1156 248 1195 derer
285 1156 391 1195 haud
421 1157 593 1194 alienum
621 1156 714 1194 duxi
742 1168 1046 1195 commemorare
1073 1157 1182 1207 illud,
1208 1169 1286 1195 non
1313 1169 1427 1207 posse

134 1231 251 1270 facile
280 1231 484 1283 scriptores
502 1231 667 1282 reperiri
695 1230 871 1270 diutinae
905 1230 1106 1270 societatis
1134 1231 1289 1270 vinculo
1317 1231 1428 1270 artis-

135 1304 232 1342 sime
261 1304 502 1354 coniunctos,
525 1316 686 1355 quorum
713 1304 839 1355 magis
858 1303 1014 1342 diversa
1034 1316 1151 1355 quam
1178 1305 1316 1342 horum
1344 1304 1425 1343 fue-

133 1379 185 1417 rit
210 1379 348 1428 oratio,
368 1379 409 1417 id
429 1378 531 1429 quod
560 1392 648 1417 cum
676 1379 766 1418 aliis
797 1379 917 1418 rebus
945 1379 1126 1430 plurimis
1154 1383 1318 1431 apparet
1344 1383 1426 1418 tum
1444 1379 1452 1383 ’

132 1452 293 1490 vocibus
330 1452 378 1490 ab
413 1451 552 1490 iisdem
589 1453 754 1490 novatis.
810 1452 948 1503 Neque
988 1452 1089 1503 fugit
1130 1465 1177 1490 ea
1211 1452 1427 1491 differentia

132 1526 364 1565 acerrimum
407 1526 584 1576 iudicem,
627 1526 705 1566 Jos.
735 1526 991 1577 Scaligerum,
1020 1527 1134 1566 cuius
1163 1528 1236 1566 hoc
1263 1530 1326 1566 est
1352 1539 1420 1566 ve-

130 1599 324 1638 rissimum
365 1600 552 1637 iudicium
579 1599 837 1650 (Scaligeran.
867 1599 927 1638 ed.
956 1599 1122 1640 Amstel.
1147 1600 1248 1640 1740
1275 1613 1315 1651 p.
1345 1601 1413 1650 45)

129 1673 323 1725 ‘catullus
368 1674 738 1713 observantissimus
775 1674 839 1713 vel
867 1674 1155 1713 morosissimus
1194 1674 1424 1714 observator

129 1750 314 1801 puritatis
343 1751 515 1789 Latinae
543 1750 714 1800 linguae,
745 1749 927 1788 Tibullus
968 1750 1210 1788 tersissimus
1246 1763 1291 1788 ac
1334 1750 1423 1788 niti-

129 1823 313 1863 dissimus
340 1826 457 1876 poeta
484 1823 557 1862 fuit
572 1852 582 1872 ,
617 1823 844 1874 Propertius
872 1823 1194 1874 castigatissimus
1222 1826 1358 1863 auctor
1385 1827 1424 1862 et

129 1897 458 1936 facundissimus!
513 1897 666 1941 Quibus
705 1896 886 1935 addenda
922 1909 1020 1948 quae
1049 1897 1150 1936 dixit
1175 1898 1354 1936 Muretus
1382 1898 1423 1935 in

129 1972 440 2024 praefationibus
484 1972 534 2011 ad
562 1971 708 2011 Catulli
737 1971 882 2012 Tibulli
910 1971 1106 2024 Propertii
1152 1972 1324 2012 carmina
1358 1973 1424 2024 (cf.

128 2060 188 2100 ep.
217 2048 271 2097 II,
306 2049 367 2086 11.
400 2049 447 2086 13
478 2048 536 2087 ed.
567 2048 776 2097 Tauchn.),
819 2047 885 2098 qui
926 2047 982 2085 ita
1023 2048 1124 2086 hanc
1152 2047 1419 2098 quaestionem

126 2126 356 2174 persecutus
408 2126 494 2172 est,
536 2122 633 2161 nihil
674 2125 722 2162 ut
744 2134 807 2160 me
836 2121 996 2173 quidem
1022 2122 1151 2161 iudice
1178 2122 1257 2161 dici
1297 2122 1424 2173 possit

127 2196 281 2234 melius.
337 2196 385 2235 Id
428 2196 530 2248 quod
572 2208 768 2246 nunquam
804 2195 1048 2246 intellegitur
1076 2197 1212 2248 magis,
1239 2209 1356 2248 quam
1386 2196 1421 2235 si

126 2269 233 2307 illius
263 2270 339 2307 viri
358 2270 646 2320 elegantissimi
674 2282 761 2307 cum
779 2269 1029 2320 Hertzbergii
1057 2270 1214 2322 placitis
1243 2271 1422 2322 (quaestt.

125 2343 325 2397 Propertt.
352 2357 390 2396 p.
435 2345 485 2382 56
528 2345 601 2395 sq.)
661 2344 948 2396 comparaveris
1004 2344 1200 2383 iudicium.
1269 2343 1423 2396 Quippe

127 2418 308 2457 Catullus
355 2431 403 2457 ea
443 2419 572 2456 floruit
612 2419 769 2469 linguae
797 2419 947 2457 latinae
976 2423 1107 2458 aetate
1135 2431 1235 2470 quae
1264 2432 1287 2457 a
1316 2419 1424 2459 Cice-

125 2504 221 2532 rone
248 2504 390 2531 nomen
419 2492 566 2544 adepta
595 2495 665 2543 est,
694 2492 762 2531 ubi
789 2492 908 2544 patrii
937 2493 1126 2532 sermonis
1155 2493 1313 2531 castitas
1331 2504 1423 2531 non-
