1655 2659
659 34 906 90 „524

126 165 251 205 omnis
293 165 420 205 adhuc
461 170 636 207 veterum
675 171 785 207 tenor
827 171 868 207 et
907 181 1020 208 sacer
1064 171 1168 210 aeris
1198 195 1250 201 —
1278 172 1424 223 pulsus

127 234 165 268 et
192 243 287 268 eoae
314 232 572 269 memoratrix
600 232 700 269 tibia
725 244 896 284 pugnae.

258 293 604 334 Substantivorum
640 297 866 348 ceteroquin
895 301 955 336 sat
985 297 1244 349 frequentium
1271 300 1425 340 formae

130 359 234 410 apud
263 359 396 397 solum
422 359 676 409 Propertium
704 360 877 398 inveniri
903 361 1084 399 videntur
1111 362 1230 400 haec:
1380 358 1383 359 ⁷

259 422 491 461 exuvium
519 422 570 472 V,
598 423 659 473 10,
689 425 712 461 6
742 427 784 462 et
811 425 951 464 exuvio
979 426 1116 477 plenus
1145 426 1195 465 ab
1223 428 1338 466 hoste
1366 440 1424 467 re-

129 487 213 526 dis'.
241 487 371 537 Vulgo
400 486 585 525 dicebant
613 488 818 527 exuviae.

259 552 574 602 spectaclum
616 551 666 601 V,
709 552 746 601 8,
795 554 841 591 21
885 554 1126 604 spectaclum
1163 555 1249 606 ipsa
1277 555 1423 595 sedens

130 616 254 667 primo
283 619 440 654 temone
469 615 679 668 pependit'.

571 778 640 809 11.
668 777 984 811 Adiectiva.

260 883 320 920 Ac
349 884 515 933 primum
545 883 704 934 quidem
733 896 874 934 ponam
902 884 1202 925 denominativa.

258 947 625 985 Alcmaeonius
653 946 726 997 IV,
755 948 791 997 4,
813 948 860 985 41
894 951 963 986 aut
983 948 1266 988 Alcmaeoniae
1294 950 1422 988 furiae

130 1015 199 1049 aut
226 1012 373 1049 ieiunia
399 1011 566 1049 Phinei'.

259 1075 591 1127 Amphiareus
624 1076 711 1126 III,
754 1076 826 1126 32,
867 1078 916 1115 39
945 1091 1020 1115 non
1049 1077 1200 1129 prosint
1227 1078 1299 1116 tibi
1329 1091 1423 1129 qua-

129 1140 261 1190 drigae
289 1140 372 1177 fata
398 1139 681 1191 Amphiareae'.
712 1165 763 1169 —
789 1145 1012 1190 Ἀμφιαρεῖον
1035 1141 1181 1180 habent
1200 1141 1422 1180 Graeci.—

130 1205 313 1244 Ceterum
342 1203 391 1242 de
419 1217 551 1243 versus
582 1205 779 1256 scriptura
807 1204 885 1243 vid.
914 1204 1087 1254 Lachm.,
1122 1205 1353 1257 Hertzberg.
1382 1210 1423 1245 et

128 1268 261 1307 Muell.
291 1272 417 1307 notas.

262 1331 578 1371 Athamanas
614 1332 669 1382 V,
700 1333 736 1383 6,
770 1333 816 1370 15
845 1335 908 1371 est
935 1333 1088 1371 Phoebi
1116 1333 1272 1384 fugiens
1299 1333 1423 1372 Atha-

131 1409 249 1435 mana
290 1397 340 1434 ad
376 1396 488 1435 litora
525 1398 684 1448 portus’.
716 1422 767 1427 —
802 1396 1103 1436 Athamania
1130 1397 1288 1448 Livius-33
1313 1407 1422 1440 ‘Affa-

130 1470 240 1509 μανία
265 1461 390 1499 strab.

259 1525 509 1564 Autarius
544 1526 576 1575 I,
615 1528 651 1574 8,
680 1526 730 1565 25
760 1528 799 1564 et
827 1526 969 1563 dicam:
997 1525 1089 1563 licet
1117 1524 1297 1563 Autariis
1331 1537 1423 1562 con-

130 1590 232 1628 sidat
273 1589 313 1627 in
355 1590 432 1627 oris
470 1614 523 1619 —-
551 1593 591 1628 et
619 1591 710 1628 licet
737 1588 907 1641 Hylleis,
937 1590 1008 1627 illa
1035 1589 1167 1627 futura
1194 1589 1342 1627 meast’.
1369 1612 1422 1617 —

128 1654 193 1692 Ita
221 1665 428 1692 correxere
456 1654 559 1692 Itali.
588 1653 625 1692 N
654 1653 895 1692 Atraciis.
938 1653 1028 1691 Duo
1056 1652 1149 1691 libri
1177 1652 1288 1703 (vat.
1317 1651 1358 1690 II
1387 1655 1426 1690 et

129 1719 268 1768 Voss.)
296 1718 447 1756 Autra
458 1719 561 1759 ciis.
591 1718 681 1757 Vid.
709 1717 944 1768 Hertzberg.

259 1782 723 1833 Bellerophonteus
766 1781 837 1831 IV,
880 1783 917 1831 2,
946 1783 969 1819 2
999 1779 1318 1832 Bellerophontei
1346 1792 1424 1831 qua

129 1847 214 1885 fluit
233 1859 346 1885 umor
365 1846 484 1896 equi’.
523 1846 673 1885 Eadem
699 1858 794 1884 voce
812 1858 910 1884 usus
931 1848 989 1883 est
1004 1844 1212 1883 Claudian.
1232 1844 1303 1884 IV.
1320 1857 1423 1883 cons.

129 1912 231 1950 Hon.
251 1912 327 1950 559
348 1910 694 1961 Bellerophonteas
714 1909 983 1959 indignaretur
1010 1908 1199 1947 habenas.

259 1977 516 2015 Ceraunus
557 1974 632 2024 ΙΠ,
677 1976 712 2024 8,
750 1975 773 2011 3
811 1967 888 2012 non
924 1973 1054 2024 potuit
1081 1972 1204 2011 vitam
1234 1986 1331 2012 saxo
1359 1986 1426 2025 po-

132 2042 261 2080 suisse
291 2040 495 2079 Cerauno'.
557 2039 691 2090 Vulgo
712 2039 891 2077 dicebant
921 2037 1202 2076 Ceraunius
1223 2036 1427 2086 (Ceraunii

131 2108 306 2156 montes,
350 2104 544 2144 Ceraunia
586 2104 630 2143 cf.
666 2103 784 2144 Orell.
815 2106 855 2143 et
895 2103 1065 2143 Lfibker.
1095 2102 1144 2141 ad
1180 2101 1278 2141 Hor.
1307 2115 1425 2142 carm.

130 2171 162 2220 I,
206 2172 242 2219 3,
281 2170 351 2220 20)
389 2182 554 2220 eamque
595 2170 759 2207 formam
801 2169 924 2207 habes
967 2167 1075 2219 apud
1103 2168 1234 2218 ipsum
1261 2167 1427 2218 Proper-

131 2234 229 2273 tium
270 2234 308 2282 Ι,
347 2235 385 2282 8,
427 2234 473 2271 19
505 2236 549 2271 ut
577 2237 614 2271 te
642 2233 746 2271 felici
774 2236 864 2284 post
891 2233 994 2270 lecta
1022 2231 1221 2270 Ceraunia
1257 2241 1364 2269 remo
1394 2243 1426 2269 e.

130 2312 165 2349 q.
195 2313 224 2336 s.
253 2322 306 2328 —-
335 2298 476 2336 Graeci
506 2302 689 2345 Κεραύνιος
710 2301 897 2345 (Κεραύνια
931 2297 991 2343 ὅρη
1017 2294 1144 2346 Apoll.
1172 2294 1246 2332 Rh.
1269 2293 1426 2344 strab.)-

261 2361 537 2399 Daedalius
580 2359 663 2409 III,
707 2360 743 2408 6,
786 2360 810 2396 8
844 2357 1077 2396 Daedalium
1106 2358 1189 2395 lino
1217 2370 1304 2396 cum
1332 2356 1429 2395 duce

130 2426 234 2464 rexit
253 2425 351 2464 iter'.
387 2424 672 2462 Daedaleus
699 2423 796 2461 Hor.
817 2435 848 2460 c.
868 2422 922 2471 II,
942 2423 1005 2472 20,
1037 2422 1085 2461 13
1100 2421 1159 2460 IV
1178 2422 1215 2471 2,
1240 2422 1278 2459 2.
1306 2420 1428 2459 Dae-

131 2489 328 2528 dalicus
368 2488 538 2528 Venant.
588 2488 647 2538 10,
695 2487 755 2537 11,
801 2487 847 2525 17
892 2486 939 2525 cf.
982 2485 1242 2538 Zangemeist.
1284 2498 1322 2536 p.
1362 2484 1426 2525 25.

129 2554 348 2605 Hertzberg
375 2553 425 2592 ad
452 2554 506 2604 II,
537 2553 598 2603 17,
628 2554 665 2592 5.
694 2576 748 2582 —
780 2551 926 2590 Graeci
953 2555 1159 2589 Δαιδάλειος.
