1655 2659
690 58 744 66 -
802 33 950 93 14¹.-

169 152 335 193 dictum’.
391 151 567 192 Achilles
609 164 764 205 quoque
817 151 966 192 Statius
1008 141 1333 204 acquiescendum
1388 152 1464 194 sibi

168 220 325 270 putavit
366 219 406 257 in
436 217 666 262 Quintiliani
693 218 880 269 Festique
913 216 1248 268 interpretatione.
1304 217 1389 256 Alii
1415 218 1464 257 de
1542 257 1550 263 „
1616 195 1655 281 «ἶ

168 283 288 322 verbo
316 294 453 334 graeco
481 290 590 322 πλέκω
613 282 851 333 cogitabant,
878 282 970 334 quia
997 281 1147 321 scilicet
1174 294 1196 320 e
1218 282 1366 322 vimine
1383 282 1463 334 ple·

166 360 327 398 rumque
368 350 553 386 contexta
593 351 695 385 esset
730 360 857 398 capsa,
889 358 1052 397 eamque
1079 344 1303 396 opinionem
1331 349 1463 385 nostra

167 414 298 448 aetate
327 423 439 449 suam
467 410 558 448 fecit
574 409 842 448 Doederlinus
871 408 980 461 (Syn.
1010 413 1049 447 et
1076 408 1294 460 Etym.V1.
1310 421 1345 460 p.
1363 409 1461 459 273)

166 476 233 526 qui
268 488 289 513 e
317 488 454 526 graeco
493 482 660 514 πλόκανον
702 473 912 513 deduceret
949 472 1046 512 illud
1088 472 1334 512 vocabulum.
1387 472 1463 512 His

168 539 348 577 omnibus
386 551 497 577 suam
541 539 728 590 opposuit
769 538 822 577 Js.
854 537 1019 576 Vossius
1047 536 1293 586 sententiam,
1323 537 1460 587 quovis

167 603 328 655 pignore
369 602 620 653 contendens,
662 603 837 641 celticam
864 602 927 641 vel
955 600 1216 653 germanicam
1244 612 1335 639 esse
1363 601 1463 640 hanc

167 680 302 707 vocem
330 680 454 719 neque
482 667 590 706 aliud
619 668 838 718 significare
868 667 944 705 nisi
973 669 1154 704 aratrum.
1210 665 1315 710 Quin
1342 666 1459 704 etiam

167 733 408 785 comparavit
448 733 518 772 illa
563 745 663 784 quae
706 735 796 771 sunt
837 731 941 783 apud
981 731 1152 770 Batavos
1193 730 1299 781 plog,
1325 731 1461 782 plaug,

164 798 344 848 plauwen
382 797 508 848 (apud
535 796 753 835 Germanos
795 797 918 848 pflug)
951 796 1156 847 attulitque
1182 794 1304 833 Plinii
1331 795 1459 833 locum

163 861 337 914 (XVIII,
372 863 420 900 18
448 861 541 912 (48)
572 861 669 912 172)
697 860 765 899 ubi
784 873 942 899 vomer-a
955 860 1092 898 rotulis
1110 860 1302 898 instructa
1321 871 1460 897 vocan-

162 930 222 964 tur
248 927 506 977 plaumorata.
573 924 660 975 Ego
689 937 778 962 cum
805 937 933 974 neque
962 925 1054 962 novi
1083 923 1289 975 quicquam
1320 926 1459 965 afferre

161 990 308 1041 possim
353 1001 479 1041 neque
524 1001 617 1026 vero
644 988 777 1027 Vossii
827 991 867 1026 et
908 988 940 1026 si
983 988 1049 1040 qui
1077 1000 1166 1027 eum
1210 991 1333 1029 secuti
1367 995 1459 1030 sunt

161 1055 325 1105 probare
361 1053 617 1092 temeritatem
660 1052 775 1090 unice
815 1065 948 1090 veram
990 1064 1074 1091 esse
1102 1053 1283 1092 existimo
1312 1055 1455 1094 Mureti

162 1118 357 1170 Statiique
385 1118 589 1167 rationem,
618 1117 686 1168 qui
713 1117 754 1155 in
783 1116 1063 1155 obscurissima
1090 1129 1133 1154 re
1151 1121 1326 1156 veterum
1354 1119 1459 1157 testi-

160 1183 292 1222 monia
319 1183 428 1234 sequi
456 1194 574 1234 quam
601 1181 805 1231 indulgere
833 1181 1070 1220 coniecturis
1099 1181 1310 1220 malebant.
1464 1180 1468 1184 ⁴

289 1247 600 1298 salaputium
631 1245 694 1296 53,
710 1246 733 1283 5
762 1244 802 1283 di
829 1245 959 1295 magni
979 1245 1213 1296 salaputium
1246 1247 1456 1286 disertum’.

161 1312 314 1351 Citatur
354 1312 416 1350 hic
459 1311 567 1349 locus
596 1323 619 1348 a
647 1309 796 1348 Seneca
826 1313 945 1347 contr.
974 1309 1067 1359 VH,
1096 1309 1199 1361 (ΙΙΙ)
1232 1311 1279 1348 19
1306 1324 1345 1362 p.
1376 1313 1451 1350 211

160 1376 273 1414 Burs.
303 1380 389 1414 erat
416 1375 520 1414 enim
548 1374 731 1425 (Calvus)
760 1373 946 1424 parvulus
975 1376 1135 1422 statura,
1165 1378 1324 1425 propter
1351 1375 1452 1425 quod

160 1439 277 1477 etiam
306 1439 483 1477 Catullus
510 1439 551 1476 in
578 1437 909 1489 hendecasyllabis
936 1442 1051 1476 vocat
1075 1437 1184 1476 illum
1203 1438 1453 1490 ‘salaputium

161 1503 361 1542 disertum'
389 1502 428 1553 (s
440 1502 736 1553 alaputtium
773 1513 823 1539 ex
849 1500 950 1539 libro
978 1501 1226 1539 Bruxellensi
1253 1502 1453 1553 Bursian3

160 1568 399 1619 salaputium
414 1596 424 1616 ,
468 1566 696 1616 saliputium
711 1595 722 1614 ,
750 1565 989 1615 saluputium
1027 1565 1096 1602 alii
1124 1565 1216 1603 libri
1243 1565 1451 1617 Senecae).

159 1630 305 1669 Catulli
352 1629 505 1669 codices
551 1629 699 1668 habent
746 1642 764 1667 s
781 1642 801 1667 a
818 1628 833 1666 l
849 1641 872 1667 a
886 1642 911 1680 p
927 1641 954 1667 u
969 1641 989 1667 c
1004 1628 1018 1666 i
1031 1641 1058 1666 u
1071 1641 1112 1666 m
1164 1629 1229 1667 vel
1286 1642 1304 1668 s
1324 1630 1379 1668 al
1399 1643 1422 1668 a
1439 1652 1454 1660 -

157 1696 389 1747 patium
425 1695 504 1734 nisi
542 1694 646 1746 quod
682 1694 852 1745 optimus
888 1693 987 1732 liber
1015 1693 1451 1745 salapantium.

157 1760 204 1799 In
257 1773 334 1811 qua
380 1760 565 1798 librorum
619 1759 785 1797 lectione
832 1757 929 1796 adeo
978 1756 1221 1796 desudabant
1266 1758 1453 1809 interpre-

157 1828 216 1863 tes
263 1828 334 1863 aut
376 1822 618 1862 emendanda
661 1826 729 1861 aut
755 1821 1000 1873 explicanda,
1041 1821 1108 1860 vix
1149 1824 1193 1859 ut
1233 1822 1353 1860 alium
1381 1821 1452 1861 Ca-

158 1889 246 1926 tulli
287 1889 416 1926 locum
456 1888 637 1926 invenias
679 1885 814 1923 eodem
843 1885 958 1923 modo
987 1888 1183 1924 vexatum.
1234 1884 1288 1924 Et
1305 1886 1451 1937 primus

158 1952 312 2003 quidem
340 1951 508 1990 mutavit
535 1950 685 1990 Paulus
714 1949 924 1998 Manutius,
953 1948 1019 2000 qui
1045 1962 1064 1987 s
1081 1949 1135 1987 al
1151 1948 1165 1986 i
1184 1961 1206 1988 c
1223 1949 1238 1988 i
1253 1962 1279 2001 p
1293 1963 1318 2001 p
1340 1950 1354 1988 i
1372 1963 1398 1989 u
1412 1963 1451 1989 m

157 2018 331 2066 coniecit,
375 2029 601 2067 comparans
630 2014 803 2053 Senecae
844 2014 984 2063 locum,
1026 2013 1137 2052 cuius
1177 2013 1293 2052 finem
1334 2027 1452 2066 supra

157 2081 372 2120 attulimus:
400 2081 503 2119 idem
531 2079 712 2131 (Calvus)
740 2081 881 2130 postea
908 2090 994 2115 cum
1021 2077 1170 2116 videret
1197 2090 1221 2116 a
1248 2077 1452 2116 clientibus

157 2145 317 2185 Catonis
363 2145 422 2184 rei
468 2145 525 2183 sui
569 2143 788 2183 Pollionem
830 2141 1014 2181 Asinium
1066 2141 1368 2180 circumventum
1409 2141 1450 2180 in

155 2211 294 2260 sorite,
333 2208 482 2261 imponi
519 2221 560 2247 se
610 2220 760 2259 supra
808 2206 1009 2258 cippum
1038 2205 1164 2244 iussit.
1221 2205 1321 2244 Erat
1348 2206 1449 2245 enim

155 2274 342 2325 parvulus
370 2277 517 2313 statura
547 2285 581 2311 e.
610 2285 645 2324 q.
675 2284 693 2310 s
761 2270 895 2322 Atque
923 2283 1011 2309 eam
1038 2270 1299 2309 coniecturam
1331 2273 1451 2309 certa-

154 2341 225 2378 tim
252 2340 469 2390 probavere
498 2337 676 2377 homines
705 2336 819 2374 docti.
875 2335 1049 2374 Muretus
1076 2334 1248 2374 laudatis
1278 2334 1449 2374 Senecae

156 2403 284 2442 verbis
326 2403 393 2454 ‘ait
420 2402 550 2453 igitur,
578 2400 718 2452 inquit,
746 2399 924 2438 Catullus
952 2399 1068 2438 valde
1096 2399 1226 2438 risisse
1254 2411 1317 2448 se,
1344 2397 1449 2449 quod

157 2480 245 2506 cum
275 2466 420 2506 Calvus
448 2466 548 2505 mira
576 2464 761 2504 orationis
782 2464 1027 2503 vehementia
1050 2463 1090 2502 in
1108 2462 1315 2503 Vatinium
1333 2461 1451 2501 dixis-

153 2535 227 2582 set,
268 2530 425 2583 quidam
468 2543 490 2569 e
536 2542 679 2568 corona
721 2528 939 2567 admiratus
967 2528 1009 2566 in
1038 2528 1192 2567 tantulo
1221 2526 1448 2578 corpusculo
