1655 2659
649 43 918 83 —24—

586 224 646 256 2.
675 223 974 255 adieetiva.

241 312 538 353 Adiectivorum
572 315 696 366 primo
729 314 889 367 quidem
924 316 1010 355 loco
1040 309 1277 358 enumerabo
1305 319 1425 359 demi·
1489 342 1495 348 -

133 379 282 426 nutiva,
326 378 497 416 secundo
528 380 756 430 composita,
800 380 914 418 tertio
949 380 1248 433 denominativa,
1289 388 1424 435 quarto

136 442 172 481 si
199 454 276 494 qua
302 445 449 498 restant
474 442 565 481 alia.

243 506 297 545 Et
325 507 373 544 de
402 506 681 546 adiectivorum
710 507 844 546 formis
874 508 1079 547 deminutis
1098 522 1197 561 quae
1216 516 1424 551 occurrunt

136 569 240 622 apud
271 570 478 621 Catullum,
524 571 603 609 iam
644 570 838 622 Hauptius
875 572 977 611 dixit
1018 574 1099 613 obs.
1145 575 1242 614 critt.
1283 589 1322 627 p.
1365 578 1425 628 14,

135 635 203 687 qui
231 636 360 673 omnia
388 636 567 686 exempla
597 635 803 685 diligenter
831 637 985 687 collegit
1011 638 1059 675 cf.
1089 638 1204 676 etiam
1223 639 1270 677 L.
1289 639 1422 678 Muell.

134 699 213 738 ind.
244 713 300 750 gr.
334 700 418 737 130.
451 699 498 738 de
525 712 568 737 re
595 703 706 738 metr.
736 701 786 738 36
817 700 919 750 [add.
957 701 1161 741 Heussner
1200 704 1348 743 observ.
1383 717 1442 756 p.v

136 765 186 802 38
216 765 300 815 sq.].
334 788 387 793 --
419 764 504 802 Iam
535 764 748 815 singularia
776 767 912 802 extant
940 765 1044 816 apud
1077 767 1268 806 Catullum
1309 767 1423 806 haec:

243 843 525 881 eruditulus
554 843 617 892 57,
636 843 656 881 7
689 843 846 893 gemelli
872 844 1024 895 utrique
1043 868 1095 874 —-
1114 858 1190 885 uno
1209 846 1250 884 in
1268 847 1424 898 lectulo,

135 907 317 946 erudituli
345 908 484 945 ambo'.
515 907 724 957 Vulgatam
762 907 1051 946 distinctionem
1093 913 1182 959 post
1223 910 1322 948 illud
1362 911 1424 949 le-

137 971 278 1010 ctulo
308 969 452 1009 delevit
478 970 677 1022 Meleager
706 975 744 1009 et
782 971 989 1022 significa-ri
1025 976 1138 1024 putat
1173 972 1423 1024 proverbium

135 1048 226 1074 uno
266 1036 316 1073 in
350 1035 546 1073 lectulo
575 1034 753 1084 edocti,
781 1035 836 1073 ita
864 1039 907 1074 ut
934 1036 1047 1075 ambo
1076 1037 1116 1074 in
1144 1037 1322 1076 omnibus
1350 1037 1425 1076 sibi

135 1101 251 1152 plane
279 1099 425 1138 similes
454 1102 493 1137 et
520 1099 561 1137 in
591 1098 727 1137 eodem
762 1099 874 1151 quasi
902 1099 1046 1139 lectulo
1075 1101 1333 1152 improbitatis
1360 1114 1425 1141 ne-

136 1164 264 1216 quiter
301 1163 480 1201 instructi
522 1163 618 1201 intel
640 1167 812 1214 egantur.
869 1164 1018 1202 Eadem
1045 1165 1183 1217 Vulpii
1219 1167 1424 1216 sententia,

136 1229 204 1280 qui
239 1227 341 1266 illud
375 1226 559 1266 erudituli
594 1226 836 1266 referendum
868 1240 951 1267 esse
980 1232 1110 1268 censet
1137 1228 1187 1268 ad
1225 1229 1425 1268 scientiam

135 1293 384 1343 flagitiorum,
414 1305 530 1343 quam
559 1292 608 1330 ad
637 1292 822 1331 amussim
849 1297 1008 1344 uterque
1036 1293 1214 1332 calluerit
1244 1294 1330 1332 coll.
1351 1294 1443 1332 Pes

135 1357 250 1395 tronii
293 1356 407 1407 (140)
435 1356 586 1394 verbis:
636 1368 708 1394 nec
753 1369 794 1394 se
838 1357 1025 1396 reiciebat
1052 1370 1075 1395 a
1102 1357 1305 1396 blanditiis
1347 1357 1425 1395 do-

138 1420 403 1459 ctissimus
444 1432 553 1471 puer,
593 1419 662 1458 ubi
690 1420 932 1459 doctissimus
962 1420 1066 1459 idem
1107 1422 1158 1460 sit
1200 1420 1301 1472 quod
1343 1433 1423 1458 om-

137 1485 179 1522 ni
224 1484 397 1534 nequitia
446 1483 630 1521 imbutus.
677 1507 729 1512 -
774 1483 859 1534 Ego
904 1496 996 1522 vero
1052 1496 1139 1522 cum
1183 1483 1425 1522 Rossbachio

137 1549 206 1586 illa
247 1560 346 1598 quae
389 1551 483 1586 sunt
511 1548 678 1598 ‘gemelli
706 1548 861 1599 utrique
879 1571 932 1577 -
956 1560 1033 1586 uno
1073 1548 1114 1585 in
1155 1547 1309 1586 lectulo'
1339 1560 1426 1586 con-

137 1611 334 1662 iungenda
362 1623 450 1649 esse
479 1612 556 1660 aio,
598 1624 687 1649 cum
729 1611 903 1662 alioquin
947 1623 1136 1662 perquam
1181 1609 1428 1649 incommode

138 1677 245 1715 notio
272 1676 463 1727 generalis
483 1699 536 1704 —
555 1675 711 1726 gemelli
732 1676 885 1726 utrique
905 1675 972 1726 (cf.
989 1675 1085 1715 Hor.
1102 1688 1162 1727 ep.
1183 1676 1216 1724 1,
1235 1676 1296 1726 10,
1313 1675 1357 1727 3)
1374 1698 1428 1706 —

137 1741 263 1792 posita
291 1744 400 1778 esset
427 1740 526 1777 inter
546 1740 725 1777 notiones
746 1740 934 1790 speciales
952 1763 1005 1768 —
1023 1739 1193 1777 morbosi
1211 1740 1356 1790 pariter
1374 1762 1427 1768 —-

138 1804 321 1843 erudituli
336 1804 449 1843 ambo
465 1828 517 1834 -—-
536 1816 660 1843 vorax
674 1803 823 1843 adulter
837 1827 889 1833 —
905 1804 1046 1843 rivales
1061 1803 1202 1855 sociei3
1229 1803 1347 1842 verba
1362 1815 1429 1842 au-

137 1874 215 1908 tem
253 1869 408 1919 gemelli
435 1893 487 1898 —
515 1869 658 1907 lectulo
695 1868 743 1906 de
782 1869 889 1919 turpi
927 1869 1205 1907 consuetudine
1238 1862 1456 1918 interpr-e?

138 1933 256 1971 tanda
297 1944 413 1984 quam
455 1944 544 1970 cum
581 1931 779 1970 Mamurra
807 1930 954 1970 Caesar
994 1931 1175 1970 habebat.
1231 1930 1318 1970 Iam
1357 1930 1428 1969 illo
1506 1953 1509 1955 -

140 1997 344 2036 ‘erudituli’
385 1996 490 2035 haud
526 1996 690 2035 obscure
728 1996 922 2047 significat
964 2000 1079 2048 atque
1107 1996 1319 2048 proscindit
1354 1995 1445 2034 ele-2

140 2065 295 2112 gantem
332 2061 440 2107 illam
481 2061 738 2099 eruditionem
776 2073 893 2112 quam
930 2064 1025 2099 tunc
1062 2060 1248 2112 temporis
1283 2060 1429 2098 iactare

141 2126 320 2166 solebant
354 2125 531 2164 homines
560 2125 761 2176 ingeniose
788 2138 964 2177 nequam.
1022 2124 1074 2164 Et
1101 2125 1239 2164 similis
1265 2123 1430 2181 Doerin-

140 2192 194 2242 gii
232 2202 384 2241 quoque
423 2191 616 2228 sententia
656 2189 822 2228 videtur.
864 2190 1076 2229 Hominum
1112 2188 1313 2228 doctorum
1342 2200 1430 2227 con-

140 2256 307 2294 iecturas
343 2254 473 2293 videre
511 2258 570 2293 est
597 2268 660 2306 ap.
692 2253 951 2304 Schwabium,
980 2255 1046 2307 qui
1076 2258 1232 2293 secutus
1260 2254 1345 2305 ipse
1373 2255 1431 2291 est

139 2319 330 2369 Meleagri
357 2318 721 2370 interpunctionem.

249 2399 520 2438 floridnlus
551 2400 614 2447 61,
647 2400 721 2437 189
751 2411 852 2437 uxor
878 2399 919 2437 in
945 2399 1119 2437 thalamo
1147 2398 1258 2437 tibist
1284 2420 1338 2427 —-
1364 2385 1430 2436 ore

141 2463 316 2503 floridulo
357 2463 511 2502 nitens’.
569 2462 756 2502 Similiter
792 2476 911 2515 supra
947 2464 999 2514 (v.
1030 2463 1101 2515 57)
1135 2462 1311 2502 floridam
1347 2462 1431 2514 ipse

141 2528 359 2581 puellulam
387 2550 437 2556 —-
458 2527 568 2567 dedis
597 2541 621 2566 a
639 2528 784 2579 gremio
813 2541 907 2567 suae
933 2551 987 2558 -—
1013 2527 1161 2566 matris.
1193 2526 1307 2566 Ovid.
1335 2526 1430 2566 Met.
