1655 2659
731 35 997 86 437—

217 167 364 206 clamor
389 166 628 218 plorantium
654 167 792 218 lingua
819 165 1028 217 Oscorum)
1057 168 1120 204 est
1142 165 1296 216 vagire3
1325 166 1374 204 ab
1404 180 1449 206 eo
1470 168 1512 209 fit

215 231 395 284 pipilare,
423 244 497 283 quo
528 230 703 270 Catullus
732 229 780 269 de
807 230 980 283 passeris
1010 229 1161 281 garritu
1188 230 1330 282 utitur;
1358 233 1399 270 et
1425 230 1510 276 adv,

216 296 374 334 Valent.
421 297 467 334 15
514 296 701 334 coelestes
747 295 891 334 imbres
938 295 1107 346 pipiavit
1151 294 1395 345 Achamoth,
1440 295 1507 333 ubi

216 360 364 400 Pamel.
379 360 494 400 haec:
523 359 668 399 Scribit
697 360 836 399 Festus
857 360 1003 412 (inquit
1021 359 1067 398 B.
1085 358 1231 411 Rhen.)
1250 359 1511 412 pipiationem

215 437 299 463 esse
330 426 540 463 clamorem
569 425 758 475 plorantis
785 425 922 475 lingua
950 425 1154 462 Oscorum.
1211 425 1389 475 Pipiavit
1417 438 1507 475 ergo

145 532 148 535 ⁴
214 488 393 527 coelestis
434 488 579 527 imbres
620 487 668 526 A.
699 488 726 526 i.
761 500 794 526 e.
823 487 1007 539 pipiando
1051 491 1090 526 et
1130 487 1321 539 plorando
1364 488 1503 527 emisit.

213 553 461 593 Factititium
489 553 648 591 verbum
676 557 734 592 est
762 566 786 591 a
813 566 907 591 sono
935 553 1173 604 plorantium
1200 553 1240 604 pi
1276 554 1327 604 pi.
1359 552 1505 591 Simili-

212 621 270 656 ter
298 618 396 656 dixit
425 621 555 656 auctor
583 618 653 656 lib.
685 618 734 655 de
763 630 915 668 monog.
944 617 1111 655 infantes
1138 617 1341 669 pipiantes.
1369 641 1423 667 †···
1441 618 1506 657 Pi-

211 682 295 734 pire
339 683 437 720 dixit
478 682 629 720 Colum.
659 684 695 731 8,
725 683 761 731 5,
794 682 841 720 14
883 682 1120 720 auscultetur
1162 682 1195 719 si
1237 681 1389 732 pipiant
1426 684 1496 732 (sc.

212 747 339 797 pulli).
371 770 421 775 ——
448 746 591 796 Pipare
618 746 760 796 legitur
788 758 849 796 ap.
879 746 992 784 Varr.
1022 749 1093 783 sat.
1122 746 1226 783 Men.
1256 745 1329 783 III.
1367 746 1407 796 (1
1441 746 1500 785 ed.

211 809 375 860 Buech.)
405 811 532 861 mugit
558 810 683 860 bovis,
719 810 793 848 ovi'
820 810 940 859 balat,
977 810 1067 861 equi
1094 810 1317 858 hinnniunt,
1355 811 1501 861 gallina

212 899 262 904 ——-
289 875 416 926 pipat3
445 879 546 912 auct.
575 887 689 912 carm.
718 874 766 912 de
793 874 1005 925 philomela
1032 875 1083 911 24
1103 874 1166 924 (ξς)
1188 875 1264 913 762
1285 874 1344 912 ed.
1365 874 1500 925 Riese)

210 938 414 989 accipitres
442 939 577 990 pipant
603 938 743 976 milvus
771 938 960 988 hiansque
987 937 1095 988 lupit.

315 1003 640 1054 praetrepido
676 1001 741 1052 46,
771 1003 792 1040 7
822 1001 901 1039 iam
927 1014 1037 1041 mens
1075 1001 1367 1053 praetrepidans
1409 1000 1500 1042 avet

210 1067 368 1117 vagari’.
404 1067 599 1118 Doering:
625 1066 921 1118 praetrepidare
950 1066 1148 1116 eleganter
1175 1066 1223 1104 de
1251 1066 1299 1104 iis
1327 1067 1392 1118 qui
1420 1080 1499 1105 mo-

209 1144 275 1169 rae
304 1135 394 1170 sunt
431 1132 678 1183 impatientes
707 1134 748 1169 et
774 1143 868 1182 prae
903 1131 1057 1168 laetitia
1084 1131 1146 1168 vel
1175 1131 1355 1182 cupidine
1384 1132 1499 1170 alicu-

208 1195 270 1233 ius
306 1196 363 1234 rei
400 1208 517 1246 quam
554 1208 647 1234 mox
681 1195 891 1246 suscepturi
919 1198 1018 1245 sunt,
1057 1195 1160 1233 sicut
1186 1195 1276 1246 equi
1308 1197 1497 1247 generosi,

207 1261 251 1297 ut
306 1261 379 1299 hoc
435 1260 612 1311 exemplo
666 1262 764 1309 utar,
809 1259 959 1298 frenum
1005 1259 1228 1298 mordentes
1274 1260 1495 1312 trepidant’.

207 1322 341 1362 Recte.

315 1400 362 1425 re
374 1388 562 1437 flagito
592 1389 655 1437 42,
686 1389 708 1425 6
739 1400 1013 1439 persequamur
1042 1400 1128 1426 eam
1160 1392 1199 1426 et
1231 1389 1495 1439 reflagitemus

208 1450 255 1487 cf.
285 1451 324 1488 ib
354 1451 419 1489 ,10
447 1451 716 1489 circumsistite
743 1464 831 1489 eam
859 1455 897 1489 et
923 1451 1165 1502 reflagitate'.
1196 1475 1247 1480 —-
1275 1451 1362 1489 Non
1386 1457 1496 1491 extat

207 1516 312 1554 aliud
352 1517 460 1555 verbi
500 1517 602 1569 quod
644 1519 704 1555 est
751 1517 880 1568 flagito
922 1517 1174 1568 compositum
1214 1521 1369 1569 praeter
1397 1519 1493 1557 illud

207 1580 391 1631 efflagito.

313 1646 575 1696 reglutino
616 1647 679 1695 25,
711 1647 734 1684 9
764 1658 865 1697 quae
894 1658 996 1683 nunc
1024 1646 1102 1683 tuis
1132 1646 1181 1683 ab
1209 1646 1405 1696 unguibus
1434 1660 1493 1686 re-

205 1709 354 1759 glutina
382 1713 421 1747 et
459 1710 636 1748 remitte’.
689 1710 947 1760 Doeringius,
987 1711 1194 1760 reglutina,
1242 1711 1377 1761 inquit,
1419 1713 1492 1750 hoc

206 1775 277 1821 est,
313 1773 473 1810 resolve.
530 1773 743 1824 Eleganter
770 1773 818 1811 de
845 1774 1005 1822 furibus,
1048 1786 1207 1825 quorum
1242 1786 1380 1812 manus
1407 1776 1492 1825 glu-

205 1836 285 1874 tine
313 1837 427 1888 quasi
454 1840 494 1875 et
520 1837 628 1876 visco
656 1838 778 1878 illitae
807 1838 985 1876 omnibus
1013 1838 1130 1876 rebus
1159 1839 1378 1888 adhaerent,
1409 1852 1492 1879 eas-

164 1942 171 1949 ·
202 1911 276 1949 que
318 1900 510 1938 tenaciter
549 1901 728 1940 retinent.
790 1901 855 1940 Sic
897 1901 1000 1939 infra
1043 1913 1160 1939 carm.
1191 1901 1258 1950 33,
1286 1901 1322 1941 3.
1351 1902 1492 1941 dextra

55 2633 59 2636 .
70 2627 91 2639 v„
108 2634 115 2635 ff
129 2636 133 2640 .

102 2641 104 2644 '
116 2641 175 2659 --ᾀμζ
184 2644 218 2659 “,.,

202 1962 555 2014 inquinatiore
593 1964 758 2003 dicitur’.
811 1964 919 2003 Idem
946 1964 1106 2003 verbum
1134 1964 1264 2003 activo
1295 1978 1411 2004 sensu
1438 1967 1491 2006 le-

203 2027 307 2077 gitur
334 2027 450 2066 Mart.
480 2027 572 2080 Gap.
593 2029 652 2068 VI
679 2030 700 2079 ξ
729 2030 805 2079 586
835 2029 993 2067 tandem
1020 2029 1136 2079 igitur
1163 2029 1412 2080 reglutinatis
1440 2032 1489 2070 ab

201 2090 359 2129 aethrae
387 2091 677 2131 intervibrantis
699 2092 955 2131 admiratione
973 2093 1202 2131 luminibus.⁴
1230 2093 1396 2133 Prorsus
1411 2095 1487 2134 alio

202 2165 318 2191 sensu
344 2154 513 2204 positum
541 2159 599 2194 est
631 2156 747 2195 Prud.
776 2157 909 2208 perist.
942 2158 1001 2195 10.
1031 2157 1109 2195 874
1137 2158 1203 2196 vel
1242 2162 1487 2210 amputatum

199 2217 317 2269 plaga
352 2219 493 2257 collum
533 2220 713 2260 dividens
757 2246 809 2251 -
851 2235 982 2260 rursus
1028 2222 1148 2261 coibit
1186 2235 1232 2261 ac
1274 2225 1486 2275 reglutina-

197 2282 312 2333 bitur,
338 2283 405 2321 ubi
432 2284 535 2322 idem
562 2286 670 2324 valet
697 2286 799 2338 quod
826 2287 968 2324 iterum
998 2287 1205 2337 glutinare.

305 2351 483 2387 retono
526 2351 589 2400 63,
619 2350 670 2390 82
711 2350 773 2389 fac
808 2354 947 2389 cuncta
981 2351 1173 2402 mugienti
1208 2351 1368 2391 fremitu
1396 2353 1485 2392 loca

197 2413 396 2451 retonent’.

307 2490 432 2530 supp
444 2491 564 2518 erno
609 2481 669 2530 17,
703 2481 750 2518 19
793 2493 864 2519 nec
905 2494 948 2519 se
988 2480 1167 2519 sublevat
1195 2494 1245 2520 ex
1273 2494 1345 2520 sua
1371 2486 1482 2533 parte

0 2527 1 2531 ¹
66 2555 69 2556 ⁷
147 2579 152 2582 ,
196 2538 265 2579 sed
290 2541 399 2580 velut
424 2542 536 2581 alnus
564 2567 616 2574 —
644 2544 686 2583 in
728 2544 834 2583 fossa
859 2544 999 2596 Liguri
1027 2545 1128 2584 iacet
1152 2550 1387 2598 suppernata
1424 2560 1484 2587 sc-

1105 2656 1111 2659 .
1162 2626 1174 2659 2
