1655 2659
673 76 935 117 —17....

165 192 318 244 Trogus
344 192 464 232 habet
491 205 553 244 ap.
581 191 685 231 Plin.
714 192 752 231 h.
772 205 810 231 n.
834 192 894 242 11,
924 191 975 231 52
1003 191 1120 243 (114)
1149 191 1247 231 276:
1283 191 1450 230 oricula

165 268 251 295 rum
278 255 503 306 magnitudo
529 256 771 306 loquacitatis
801 258 841 294 et
868 255 1050 293 stultitiae
1077 258 1169 293 nota
1197 258 1269 293 est.
1288 277 1343 284 —

291 319 508 359 salillum
535 319 600 370 23,
631 320 677 358 19
721 319 821 371 quod
857 320 965 359 culus
992 319 1066 359 tibi
1091 319 1223 371 purior
1250 319 1448 360 salillost'.

164 384 309 422 Forma
336 384 533 420 deminuta
561 386 620 421 est
645 383 810 420 nominis
837 384 1066 421 salinum.
1095 383 1274 421 Eandem
1304 383 1452 421 habent

165 445 288 484 Vetus
339 445 575 484 Decuitatus
629 444 841 485 Vaticanus
899 446 975 498 (D)
1020 447 1060 485 in
1107 459 1223 485 versu
1270 450 1451 498 corrupto

168 510 300 550 Plauti
328 509 437 547 Trin.
468 511 544 547 492
574 509 633 547 ed.
663 509 831 548 Ritsehh
857 511 931 561 (ΙΙ,
960 513 996 560 4,
1025 511 1096 561 91)
1124 523 1260 548 verum
1286 523 1357 548 nos
1384 511 1452 548 ho-

166 573 340 611 munculi
367 594 419 602 -—
449 572 620 610 salillum
649 573 816 611 animai’.
845 574 912 612 ubi
941 573 1163 612 satillum
1191 573 1240 612 A.
1270 573 1452 612 Ritsche-

166 637 245 676 lius
272 637 387 676 valde
424 636 649 675 dubitanter
686 637 857 688 (quando
900 638 1047 690 aliquid
1075 642 1206 676 tamen
1233 637 1453 690 ponendum

113 734 115 737 .
168 705 264 751 erat,
301 704 345 740 ut
371 701 455 752 ipse
483 701 558 752 ait)
594 701 824 739 sitellum
854 702 940 740 coll.
971 702 1150 740 Labbaei
1177 702 1307 752 glossa
1333 714 1371 752 p.
1401 702 1454 739 94

169 766 228 806 ed.
258 766 349 805 Par.
383 776 517 814 midam,
551 765 694 815 sitella,
733 765 927 805 sitellum’.
956 766 1186 804 scintilla
1227 766 1293 805 vel
1321 765 1454 804 scin-

168 830 340 869 tillula
367 829 616 879 Fritzschius.
644 853 686 860 —
716 830 910 874 Quantum
939 831 988 868 ad
1016 831 1261 877 sententiam,
1286 829 1456 868 videnda

169 893 372 943 Doeringii
402 893 624 930 adnotatio:
653 887 717 943 put
728 894 786 930 ior
815 893 954 931 salillo.
982 893 1081 930 mira
1105 892 1270 944 quadam
1288 892 1457 943 puritate

172 957 292 996 salem
334 960 503 995 tractare
545 956 722 995 solebant
761 960 910 996 veteres
953 959 993 996 et
1035 969 1129 1008 prae
1170 957 1311 995 ceteris
1347 956 1457 995 vasis

169 1022 378 1073 praecipue
407 1020 543 1058 salinis
574 1020 737 1058 nitorem
766 1025 804 1058 et
833 1020 1077 1072 splendorem
1106 1021 1327 1059 conciliare.
1354 1020 1457 1059 Vide

170 1098 270 1136 quae
297 1086 338 1123 in
365 1087 465 1123 hanc
492 1097 574 1123 rem
603 1085 761 1135 collegit
787 1084 984 1123 Meursius
1016 1085 1065 1123 ad
1094 1086 1289 1136 Lycophr.
1318 1098 1353 1124 v.
1383 1085 1458 1123 135

172 1150 239 1188 ubi
279 1149 337 1188 sal
373 1157 516 1199 ἇγνίτης
538 1157 644 1197 πάγος
680 1149 873 1195 vocatur&
916 1149 973 1187 Of.
1007 1149 1166 1187 Horatii
1208 1149 1336 1187 locum
1381 1149 1461 1187 iam

171 1212 220 1251 ab
250 1214 405 1253 Achille
441 1214 561 1253 Statio
591 1216 852 1265 comparatum
881 1212 934 1264 (c.
954 1214 990 1261 2,
1015 1212 1075 1263 16,
1098 1213 1162 1263 14)
1177 1213 1324 1251 vivitur
1340 1225 1460 1264 parco

172 1277 271 1316 bene
299 1279 360 1316 cui
387 1282 589 1329 paternum
618 1300 667 1308 -
696 1277 873 1328 splendet
899 1277 940 1314 in
968 1289 1103 1314 mensa
1132 1277 1241 1315 tenui
1280 1277 1460 1325 salinum,

174 1340 305 1392 ibique
333 1341 454 1394 intpp.

302 1407 590 1445 scortillum
634 1406 695 1453 10,
716 1406 739 1456 3
760 1405 973 1443 scortillum
1011 1409 1054 1443 ut
1080 1405 1176 1443 mihi
1200 1409 1282 1442 tum
1298 1408 1462 1456 repente

173 1469 340 1507 visumst
356 1491 406 1498 —
421 1482 501 1508 non
530 1481 625 1507 sane
652 1467 867 1519 inlepidum
894 1480 1020 1520 neque
1042 1468 1318 1507 invenustum'.
1349 1468 1461 1507 Glos-

178 1546 267 1573 sae:
301 1547 318 1573 s
331 1534 580 1572 cortulum
598 1541 718 1584 πόρνη,
738 1546 856 1583 quare
886 1537 951 1570 aut
964 1533 1027 1570 hic
1046 1545 1196 1582 quoque
1216 1532 1462 1571 scribendum

175 1600 239 1635 est
285 1597 536 1635 scortillum
576 1620 630 1627 -—
670 1610 760 1636 nam
798 1595 897 1635 illud
934 1596 1144 1634 scortulum
1172 1597 1269 1635 alias
1296 1609 1376 1635 non
1404 1608 1463 1635 re-

174 1661 323 1713 peritur
367 1685 420 1692 —
461 1664 530 1700 aut
567 1665 671 1701 certe
707 1675 787 1701 vox
815 1661 1035 1700 Catulliana
1074 1661 1122 1700 iis
1150 1661 1371 1713 duplicatae
1397 1661 1462 1700 de-

175 1725 401 1764 minutionis
430 1725 607 1764 addenda
639 1726 840 1776 exemplis,
867 1738 964 1776 quae
993 1726 1154 1775 collegit
1180 1726 1392 1764 Muellerus
1420 1726 1460 1764 in

175 1787 314 1828 indice.
368 1788 498 1840 Atque
525 1789 597 1828 hoc
625 1789 755 1828 verius
782 1793 886 1841 puto.
914 1811 968 1817 —

231 1863 240 1866 “
309 1853 476 1890 sicula
504 1853 623 1903 (sica)
651 1855 714 1902 67,
739 1854 786 1891 21
817 1854 1035 1903 languidior
1054 1857 1190 1891 tenera
1208 1853 1270 1890 cui
1287 1853 1462 1903 pendens

176 1915 299 1953 sicula
341 1915 431 1955 beta
472 1928 506 1955 e.
542 1928 578 1967 q.
608 1916 648 1955 s'.
707 1916 853 1955 Statius
894 1917 1044 1955 notavit
1084 1916 1201 1955 haec:
1242 1915 1462 1967 languidior

177 1982 313 2019 tenera
357 1980 418 2018 cui
459 1980 634 2031 pendens
670 1981 795 2019 sicula
821 1981 924 2020 beta.
980 1981 1107 2019 Simili
1133 1993 1228 2018 usus
1257 1981 1462 2020 tralatione

176 2042 372 2082 Nicander
399 2043 469 2094 (al.
498 2044 575 2083 409
601 2044 648 2082 cf.
669 2045 790 2083 etiam
807 2044 966 2083 Anthol.
993 2046 1028 2094 5,
1051 2046 1145 2096 129)
1187 2053 1331 2096 κορύνην
1357 2058 1463 2084 men·

176 2106 297 2145 tulam
326 2106 435 2146 dixit.
474 2106 526 2146 Et
553 2108 773 2147 rutabulum
801 2108 939 2147 eodem
966 2109 1080 2148 modo
1098 2113 1247 2148 veteres
1266 2110 1461 2162 dixerunt.

176 2170 338 2209 Festus:
365 2171 597 2221 rutabulum,
626 2184 650 2210 a
676 2172 888 2222 promendo
916 2173 1006 2222 igne
1028 2176 1221 2226 vocatum,
1250 2186 1323 2223 quo
1343 2185 1463 2224 panes

178 2238 407 2285 coquuntur,
426 2234 621 2273 invenitur
648 2234 767 2273 etiam
794 2235 964 2286 positum
991 2248 1063 2287 pro
1091 2235 1262 2274 membro
1290 2236 1462 2275 virili.—

176 2298 346 2337 Videtur
387 2299 430 2337 in
470 2299 599 2336 animo
642 2299 826 2336 habuisse
866 2299 969 2336 hunc
997 2299 1107 2336 Festi
1143 2299 1268 2336 locum
1295 2312 1334 2349 p.
1363 2300 1463 2338 262:

176 2361 399 2400 rutabulum
441 2364 499 2400 est
514 2390 525 2411 ,
566 2373 643 2412 quo
679 2361 812 2399 rustici
838 2361 880 2399 in
906 2360 1116 2413 promendo
1145 2361 1235 2411 igne
1261 2362 1374 2414 panis
1404 2374 1464 2401 co-

177 2425 323 2476 quendi
350 2425 479 2476 gratia
504 2428 675 2464 utuntur.
697 2454 706 2463 .
727 2453 737 2464 .
757 2454 768 2464 .
785 2425 955 2464 Naevius
974 2426 1070 2476 (127
1090 2425 1227 2475 Ribb.)
1255 2426 1464 2464 obscenam

176 2487 254 2526 viri
293 2491 445 2539 partem
481 2487 725 2527 describens:
752 2488 818 2527 vel
854 2500 954 2540 quae
980 2492 1113 2540 sperat
1141 2500 1227 2527 sese
1253 2492 1464 2540 nupturam

109 2592 114 2595 ζ
177 2551 281 2591 viros
317 2552 631 2592 adulescentulos
671 2575 725 2582 —
766 2565 814 2591 ea
840 2553 938 2591 licet
963 2552 1088 2591 senile
1116 2556 1257 2591 tractet
1281 2553 1463 2592 retritum
