1655 2659
676 54 918 96 ,8-

150 175 290 226 clinat,
327 175 420 227 quia
456 175 632 227 optimos
661 175 771 214 illius
799 175 889 215 aevi
915 175 1123 228 scriptores
1151 177 1221 214 aut
1247 175 1441 227 respuisse

150 254 218 289 aut
257 250 337 289 nisi
380 250 498 289 certis
540 249 773 302 quibusdam
813 250 968 301 legibus
1010 263 1088 289 non
1116 249 1300 302 probasse
1326 251 1443 289 istam

151 325 480 377 significationem
522 325 646 365 video.
704 324 759 364 At
795 325 1025 376 Augusteae
1063 325 1206 365 aetatis
1239 325 1444 378 scriptores

149 414 270 455 prope
298 401 568 442 indifferenter
595 401 803 442 utebantur
830 402 1033 454 particulis
1072 405 1120 442 et
1147 406 1261 456 atque
1290 402 1442 442 etiam

151 490 315 529 eumque
360 490 475 517 usum
522 477 650 516 secuti
691 480 784 516 sunt
821 477 1003 516 Tibullus
1043 480 1083 517 et
1121 478 1363 530 Propertius.
1391 502 1444 508 —

150 553 290 606 Neque
308 565 401 593 vero
430 551 568 592 eodem
594 553 709 605 plane
737 551 892 591 dicendi
918 564 1062 604 genere
1080 552 1141 592 usi
1155 556 1245 592 sunt
1259 552 1441 592 Tibullus

154 632 275 679 atpue
303 627 549 678 Propertius,
578 639 798 678 quanquam
817 639 864 665 ea
882 639 982 677 quae
1010 627 1109 664 inter
1127 627 1213 665 illos
1233 626 1443 665 intercedit

151 701 359 741 diversitas
414 701 538 740 multo
589 700 715 740 minus
757 703 912 740 constat
952 699 1219 752 grammaticis
1260 700 1439 740 minutiis

151 790 266 829 quam
308 781 392 817 arte
434 781 549 828 atque
586 776 756 827 ingenio.
814 776 901 821 Qua
944 775 993 815 de
1035 789 1078 815 re
1115 789 1203 815 cum
1231 779 1292 814 sat
1318 776 1443 815 multa

152 851 232 890 iam
260 850 432 890 dixerint
460 850 694 903 interpretes
721 851 825 903 iique
853 851 919 903 qui
946 851 1164 890 litterarum
1181 851 1444 891 Romanarum

151 938 404 978 composuere
432 926 644 977 historiam,
674 926 868 966 disserere
896 930 936 966 et
952 926 1038 979 ipse
1055 926 1310 978 supersedere
1329 939 1445 978 posse

151 1000 301 1041 videor.
329 1024 383 1030 —
584 1002 589 1007 '

281 1075 414 1127 Atque
441 1076 539 1114 haec
567 1075 733 1115 dicenda
760 1088 850 1115 esse
868 1075 1068 1126 putabam,
1088 1078 1299 1127 antequam
1318 1074 1444 1126 ipsam

150 1163 233 1190 rem
261 1149 522 1203 aggrederer,
552 1162 655 1197 nunc
682 1150 840 1201 singula
867 1149 1103 1190 enumerabo
1130 1149 1329 1190 vocabula,
1384 1148 1445 1188 Ac

150 1226 320 1278 primum
348 1225 504 1276 quidem
527 1225 839 1275 Zangemeisteri
868 1227 1026 1264 secutus
1054 1225 1276 1276 exemplum
1302 1236 1446 1275 ponam

153 1304 295 1352 graeca
323 1312 425 1351 quae
453 1298 558 1351 apud
586 1311 900 1350 unumquemque
928 1301 1148 1349 occurrunt,
1173 1298 1263 1337 dein
1298 1297 1445 1348 latina3

152 1375 194 1413 in
222 1374 386 1425 singulis
414 1377 545 1412 tamen
573 1373 829 1425 disponendis
847 1387 918 1425 pro
939 1374 1174 1425 scriptorum
1203 1373 1443 1420 diversitate,

152 1450 193 1489 id
222 1449 324 1502 quod
352 1449 433 1488 iam
460 1461 579 1500 supra
605 1448 751 1498 monui,
790 1448 839 1487 ab
866 1448 974 1487 illius
1004 1447 1138 1487 ordine
1167 1459 1444 1498 nonnunquam

153 1527 227 1565 erit
254 1525 543 1565 discedendum.

1574 2587 1655 2659 Ξ
